3232 5392
577 245 654 310 LIB.
677 246 701 312 Ι.
744 246 778 312 G.
801 247 852 310 50.
874 247 927 310 51.
951 247 1004 311 52.
1389 245 1450 310 tea

128 420 190 572 cult,
212 415 382 497 propterea
404 404 491 495 quod
511 426 550 471 ea
569 407 705 472 maxime
725 409 821 473 vitam
843 402 965 472 beatam
989 402 1100 484 elficit3
1123 411 1178 471 aut
1199 405 1225 468 si
1246 401 1388 479 infirma,
1416 409 1451 470 ut

126 507 252 572 Pontus
266 550 277 581 ,

295 617 433 683 Amicum
454 618 603 698 castigare
622 615 658 678 ob
678 618 816 679 meritum
836 617 978 690 noxium,

294 715 429 775 Immune
451 719 493 774 cet
510 712 652 793 socium
671 729 775 775 oerum
795 712 829 773 ia
849 718 944 773 oetute
964 710 1036 774 utile

294 808 338 870 Et
360 806 560 878 emsducibilea
581 826 652 869 nom
673 827 725 888 ego
746 807 877 869 omiutm
897 805 983 868 bodie
1003 823 1099 869 meum
1461 821 1476 864 s

296 901 508 983 Concastigabo
524 920 584 982 pro
605 902 777 965 commerito
797 902 894 964 aecio
904 923 915 973 ,·

128 1024 180 1082 aut
210 1013 336 1089 eadem,
370 1016 430 1077 boc
458 1012 572 1077 modo:
611 1013 782 1078 Maximum
818 1012 934 1078 malum
965 1020 1012 1077 est
1041 1012 1184 1091 avaritia;
1222 1010 1336 1079 mullos
1369 1009 1452 1079 enim

127 1108 247 1194 magnis
268 1104 476 1173 incommodis
504 1105 607 1171 affecit
628 1107 778 1194 pecuniae
800 1106 968 1193 cupiditas;
1003 1115 1056 1172 aut
1084 1128 1195 1193 parum
1225 1105 1355 1184 idonea,
1391 1105 1452 1175 boo

128 1203 241 1269 modo:
270 1201 442 1267 Maximum
464 1199 582 1266 honum
604 1211 651 1266 est
671 1200 828 1278 amicitia;
858 1199 1011 1285 plurimae
1033 1200 1115 1265 enirn
1138 1199 1360 1266 delectationes
1381 1208 1453 1267 suot

127 1296 159 1363 iu
183 1295 330 1362 amicitia.
384 1297 433 1359 LI.
467 1297 520 1358 96.
555 1296 692 1372 Quartus
721 1293 833 1360 modus
861 1303 928 1359 erat
956 1295 1229 1382 reprehensionis,
1269 1315 1328 1380 per
1357 1312 1489 1382 quemw

127 1400 235 1456 contra
266 1391 390 1455 firmam
424 1389 724 1474 argumentationem
763 1409 864 1475 aeque
901 1386 991 1453 firma
1023 1398 1076 1452 aut
1108 1387 1231 1453 firmior
1263 1386 1449 1475 ponebatur.

128 1488 196 1551 Hoc
226 1505 324 1569 genus
352 1484 385 1548 in
414 1481 694 1549 deliberationibus
716 1484 850 1547 maxime
872 1480 1069 1555 versabitur,
1104 1502 1175 1545 cum
1197 1480 1333 1573 aliquid,
1365 1479 1452 1567 quod

127 1583 398 1653 contradicatur,
422 1598 556 1665 aequum
578 1599 646 1643 esse
667 1577 887 1653 concedimus,
911 1575 964 1641 sed
988 1575 1035 1649 id,
1059 1575 1144 1662 quod
1167 1598 1224 1640 nos
1246 1575 1452 1649 defendimus,

128 1673 338 1739 necessarium
360 1693 428 1736 csse
450 1671 715 1749 demonstramus;
744 1679 889 1736 autenm
911 1668 959 1743 id,
986 1668 1072 1754 quod
1094 1669 1138 1735 illi
1162 1667 1346 1746 defendant,
1373 1670 1451 1736 utile

130 1787 198 1832 esse
221 1766 394 1844 lateamur3
428 1765 512 1853 quod
542 1786 600 1831 nos
629 1764 787 1839 dicamus,
821 1767 987 1828 honestum
1009 1784 1078 1828 esse
1101 1768 1363 1830 demonstremus.
1408 1770 1491 1830 hess

128 1861 168 1927 de
196 1861 439 1948 reprehensione
469 1858 595 1945 quidem
627 1863 702 1924 baec
732 1856 978 1923 existimavimus
1007 1878 1078 1923 esse
1101 1856 1243 1924 dicenda.
1288 1857 1452 1949 [Deinceps

127 1977 209 2021 nunc
232 1960 271 2021 de
293 1954 494 2021 conclusione
516 1951 694 2040 ponemus]

212 2053 264 2114 97.
289 2052 508 2136 Hermagoras·
520 2047 746 2132 digressionem
769 2046 900 2124 deiude,
924 2055 990 2112 tum
1013 2053 1203 2134 postremam
1219 2047 1452 2114 conclusionem

127 2146 226 2230 ponit.
272 2147 307 2210 lu
341 2142 398 2208 bac
428 2153 531 2208 autem
567 2142 761 2226 digressione
789 2142 841 2208 ille
870 2151 960 2231 putat
988 2156 1136 2233 oportere
1165 2145 1319 2231 quandam
1342 2144 1452 2212 inferri

128 2239 302 2304 orationem
317 2258 335 2303 a
350 2256 442 2302 causa
456 2245 549 2320 atque
565 2258 583 2300 a
597 2237 786 2303 iudicatione
801 2240 867 2324 ipsa
882 2249 1053 2314 remotam,
1077 2262 1157 2325 quae
1180 2251 1233 2306 aut
1255 2243 1304 2307 sui
1327 2241 1451 2308 laudern
1462 2253 1490 2295 ¹⁰

128 2342 180 2399 aut
201 2331 372 2398 adversarii
395 2329 657 2415 vituperationem
679 2334 837 2396 contineat
858 2343 911 2398 aut
933 2336 966 2398 in
988 2335 1079 2400 alium
1096 2357 1220 2400 causam
1236 2335 1386 2412 deducat,
1411 2359 1452 2405 ex

128 2447 188 2515 qua
202 2424 345 2492 conficiat
360 2424 476 2512 aliquid
496 2423 742 2490 confirmationis
754 2436 806 2490 aut
821 2426 1090 2514 reprehensionis,
1113 2450 1177 2495 non
1190 2432 1448 2516 argumentando,

128 2520 182 2588 sed
204 2519 349 2605 augendo
370 2539 429 2603 per
451 2517 605 2605 quandam
628 2520 914 2607 amplificationem.
960 2526 1048 2588 Hane
1070 2523 1097 2588 si
1119 2527 1172 2610 qui
1195 2533 1316 2612 partem
1334 2526 1452 2610 putarit

128 2637 196 2682 esse
219 2614 388 2688 orationis,
412 2622 563 2701 sequatur
587 2612 837 2701 [hermagoram]
862 2615 976 2681 licebit.
1020 2620 1098 2681 Nam
1122 2627 1153 2682 et
1175 2620 1308 2702 augendi
1331 2627 1364 2682 et
1385 2620 1451 2683 lau·

129 2709 222 2776 dandi
253 2719 284 2774 et
315 2708 513 2792 vituperandi
543 2716 711 2794 praecepta
734 2730 750 2773 a
773 2708 865 2774 nobis
887 2711 998 2797 partim
1022 2714 1093 2775 data
1122 2719 1213 2785 sunt,
1246 2713 1358 2798 partim
1391 2723 1488 2777 suo¹⁵

127 2808 197 2869 loeo
213 2807 381 2869 dabuntur.
427 2800 525 2868 Nobis
547 2812 651 2867 autern
673 2823 736 2867 non
758 2803 858 2888 placet
879 2807 958 2869 hanc
980 2815 1101 2891 partem
1124 2805 1155 2870 in
1179 2825 1308 2870 numero
1324 2807 1447 2890 reponi,

127 2901 210 2985 quod
245 2895 284 2962 de
312 2917 404 2962 causa
435 2896 557 2980 digredi
585 2896 645 2960 nisi
672 2916 730 2981 per
756 2896 861 2964 locum
890 2920 1089 2965 communem
1117 2899 1278 2986 displicet;
1315 2921 1378 2987 quo
1411 2903 1452 2965 de

128 3012 243 3076 genere
272 2994 427 3077 posterius
457 3000 505 3055 est
533 2994 712 3056 dicendum.
757 2994 881 3057 Laudes
910 3003 1014 3059 autem
1044 3003 1076 3058 et
1105 2996 1352 3079 vituperationes
1386 3014 1450 3058 non

127 3087 292 3171 separatim
314 3087 418 3172 placet
438 3086 582 3160 tractari,
608 3086 663 3149 sed
685 3087 718 3148 in
739 3086 815 3172 ipsis
838 3085 1161 3170 argumentationibus
1175 3110 1244 3153 esse
1267 3086 1450 3174 implicatas.

126 3185 212 3247 Nune
235 3184 274 3245 de
297 3181 501 3245 conclusione
524 3182 675 3243 dicemus.
1461 3205 1489 3250 ω

210 3277 277 3339 Lll.
315 3276 368 3339 98.
407 3276 575 3338 Conclusio
611 3280 657 3337 est
695 3275 797 3338 exitus
835 3281 867 3337 et
899 3277 1121 3341 determinatio
1154 3277 1249 3342 totius
1283 3278 1448 3344 orationis.

127 3373 211 3435 Haeo
226 3371 323 3434 habet
344 3375 447 3454 partes
470 3377 551 3443 tres,
578 3366 866 3442 enumerationem,
890 3368 1156 3451 indignationem,
1177 3373 1449 3457 conquestionem.

125 3466 327 3530 Enumeratio
344 3470 409 3536 est,
435 3482 492 3547 per
514 3483 608 3548 quam
630 3482 680 3524 res
703 3463 843 3545 disperse
866 3471 897 3526 et
919 3462 1031 3527 diffuse
1054 3466 1153 3529 dictae
1176 3486 1272 3530 unum
1294 3468 1451 3531 inlocum

128 3565 284 3644 coguntur
307 3566 338 3622 et
360 3556 579 3621 reminiscendi
602 3575 694 3619 eausa
717 3577 813 3619 unum
837 3555 895 3619 sub
918 3567 1078 3641 aspectum
1101 3559 1319 3625 subiiciuutur.
1364 3563 1451 3625 Haec

126 3655 152 3716 si
175 3672 301 3739 semper
323 3654 437 3716 eodem
461 3654 555 3714 modo
578 3651 779 3724 tractabitur,
804 3650 969 3736 perspicue
992 3648 1031 3715 ab
1055 3655 1201 3717 omnibus
1223 3651 1355 3718 artificio
1374 3675 1488 3740 quo-es

127 3748 199 3810 dam
222 3749 346 3811 tractari
369 3746 579 3829 intelligetur;
609 3745 656 3807 sin
682 3743 767 3808 varie
791 3743 859 3819 fiet,
884 3755 916 3810 et
937 3748 1018 3809 hanc
1040 3749 1251 3833 suspicionem
1274 3756 1306 3812 et
1327 3748 1452 3812 satieta-

126 3850 190 3905 tem
212 3842 310 3904 vitare
332 3840 461 3924 poterit.
507 3839 612 3916 Quare
634 3844 700 3901 tum
723 3842 881 3923 oportebit
902 3843 944 3904 ita
964 3842 1089 3916 facere,
1113 3848 1149 3906 ut
1170 3841 1311 3927 plerique
1333 3840 1452 3906 iaciunt

128 3943 256 4021 propter
278 3932 474 4009 facilitatem,
500 3932 677 4016 singillatim
698 3953 793 3997 unam
810 3956 965 4022 quamque
988 3956 1055 3999 rem
1070 3936 1222 4020 attingere
1239 3937 1324 3999 etita
1341 3956 1450 3999 omnes

127 4028 259 4094 transire
289 4026 428 4094 breviter
449 4027 753 4112 argumentationcs;
788 4038 854 4094 tum
876 4037 999 4104 autem,
1034 4029 1066 4093 id
1095 4033 1179 4114 quod
1209 4027 1366 4093 difficilius
1388 4037 1447 4103 est,

126 4124 249 4199 dicere,
274 4144 351 4209 quas
373 4131 478 4206 partes
501 4124 689 4207 exposueris
711 4122 742 4186 in
765 4123 951 4208 partitione,
976 4126 1015 4187 de
1039 4122 1153 4207 quihus
1176 4133 1205 4188 te
1229 4122 1384 4209 pollicitus
1407 4123 1450 4186 sis

195 4270 220 4317 1.
241 4268 338 4333 efficiat
356 4266 457 4318 aaut.
478 4264 603 4328 (Mutavit
621 4265 642 4315 E
661 4265 745 4328 cont.)
772 4292 802 4302 -
835 4269 877 4316 11.
900 4269 1012 4328 ponitur
1029 4267 1059 4317 Ρ.
1080 4292 1114 4301 -
1143 4269 1186 4317 19.
1215 4272 1338 4316 uersatur·
1363 4268 1394 4315 Α.
1418 4291 1447 4304 -

126 4337 167 4386 15.
187 4339 323 4387 honesturn
343 4350 395 4388 esu
413 4339 618 4387 demonstremus
636 4336 746 4388 haur:
767 4338 974 4388 demonstremur
990 4349 1044 4386 esre
1062 4338 1197 4387 honestum
1217 4339 1247 4386 11.
1270 4360 1300 4374 -·
1331 4337 1373 4385 16.
1392 4338 1450 4400 qut·

126 4406 182 4456 dem
200 4409 264 4459 hoec
286 4407 375 4465 ΛΒΤ,
396 4409 435 4458 L:
465 4409 528 4458 hoec
546 4408 649 4472 quidem
667 4409 721 4460 PB.
743 4436 773 4446 —
802 4410 844 4458 17.
872 4421 941 4456 uuae
965 4409 1156 4459 conclusionem
1179 4408 1259 4458 ΛΒΤ.
1298 4407 1449 4458 snbdrdtue

125 4477 190 4529 bueo
209 4493 265 4530 esse
284 4479 407 4529 viderunt
426 4479 517 4537 0nd.,
541 4478 625 4536 Ero-3
646 4481 698 4530 det.
719 4480 798 4535 sch:
819 4492 864 4528 nos
882 4479 1047 4528 seclusimus.
1069 4478 1122 4528 Cir.
1142 4493 1164 4528 r.
1180 4479 1223 4529 ³0.
1241 4502 1270 4514 -
1290 4477 1450 4538 161101111-

124 4562 166 4599 me
186 4550 248 4608 ΛΤ,
265 4558 427 4613 postremum
440 4549 515 4599 Letd.
531 4549 579 4596 ΙΙΙ.
598 4575 624 4585 -
647 4549 692 4598 93.
708 4552 813 4611 poturit
831 4562 884 4598 rare
901 4549 990 4598 ART:
1009 4552 1116 4610 putauit
1135 4562 1190 4597 esee
1207 4550 1241 4607 P,
1258 4552 1364 4610 poturit
1384 4549 1449 4607 (um.

126 4619 188 4684 esre)
208 4621 235 4669 u.
261 4643 290 4653 -
310 4619 353 4669 at.
374 4619 572 4680 Hermogenem
590 4630 643 4666 orn.
664 4620 731 4670 Par
751 4627 777 4670 et
795 4621 932 4680 uterique,
953 4621 1027 4680 prob.
1048 4619 1118 4669 (lud.
1157 4619 1209 4668 Nos
1229 4620 1395 4669 scelestium.
1417 4647 1448 4658 -

126 4689 168 4738 26.
186 4691 288 4751 placate
308 4690 397 4739 FART
417 4697 444 4739 ct
462 4689 533 4739 (lud.
553 4701 654 4738 enarres.
695 4691 760 4740 the
785 4690 847 4739 Ern.
877 4698 903 4739 et
927 4689 988 4739 Sch.
1010 4715 1041 4727 -
1065 4702 1201 4738 numerum
1219 4688 1312 4739 PhllT
1331 4699 1358 4742 ct
1375 4689 1448 4742 Oud.

126 4773 226 4812 omnes.
264 4761 318 4809 Cir.
340 4761 372 4809 de
392 4763 490 4809 lacerta
510 4761 558 4810 hac
576 4769 673 4809 constr.
696 4761 806 4812 Crttlcos
825 4760 857 4808 ad
872 4760 926 4810 th.
942 4761 974 4810 Ν.
989 4760 1020 4807 D.
1037 4761 1119 4817 1,16.
1140 4759 1173 4807 de
1186 4760 1243 4809 tur.
1259 4761 1284 4817 1.
1298 4762 1342 4814 ab.
1356 4762 1401 4812 99.
1415 4787 1451 4799 -

126 4832 168 4882 119.
186 4831 337 4892 implicatos
355 4830 462 4880 ranna
481 4830 622 4890 tmpttettor
642 4831 671 4880 11.
701 4853 729 4866 -
758 4830 801 4881 96.
820 4832 864 4897 fiet
881 4843 934 4882 om.
955 4830 1061 4881 Omntb.
1083 4827 1169 4892 (prob.
1190 4827 1284 4895 Bru.);
1310 4832 1364 4884 det.
1384 4833 1447 4885 seh.

126 4901 247 4956 Tueatur
265 4900 350 4954 cneo.
370 4905 446 4962 nott,
466 4901 545 4953 attam
564 4904 656 4952 nostrl.
