3216 5400
165 209 188 274 4
669 208 723 272 Ab
745 208 981 275 HERENNIUM

95 404 96 409 κ
164 387 259 444 sona,
296 374 329 432 et
355 387 374 430 a
400 367 495 432 rebus
516 367 604 450 ipsis.
647 371 687 436 V.
711 369 738 432 A
759 377 866 434 nostra
887 390 1024 452 persona
1045 370 1298 433 benevolentiam
1320 370 1487 434 contrabe-

163 486 252 539 mus,
290 464 317 527 si
342 470 484 526 nostrum
514 459 651 526 officium
680 464 748 528 sine
777 466 955 548 arrogantia
981 465 1197 540 laudabimus,
1231 471 1325 549 atque
1352 464 1385 527 in
1417 485 1485 529 rem

162 559 322 641 publicam
344 559 453 642 quales
484 558 637 622 fuerimus
669 566 723 622 aut
753 560 786 622 in
819 568 964 642 parentes
991 566 1045 623 aut
1076 560 1109 622 in
1140 560 1259 622 amicos
1288 566 1342 622 aut
1369 559 1401 621 in
1430 579 1485 623 eos

162 653 269 735 ipsos,
303 652 358 736 qui
379 653 527 729 audiunt,
562 650 756 728 referemus,
790 656 864 718 dum
893 656 972 718 baec
999 655 1105 717 omnia
1126 656 1166 717 ad
1188 673 1258 717 eam
1280 655 1380 735 ipsam
1402 674 1483 728 rem,

140 767 226 831 equa
247 747 286 810 dc
308 747 426 830 agitur,
449 749 512 810 sint
532 748 779 812 accommodata.
824 751 904 812 Item
932 750 959 812 si
986 757 1094 812 nostra
1121 749 1322 812 incommoda
1343 748 1486 830 profere-

162 862 250 916 mus,
274 842 433 924 inopiam,
458 843 680 918 solitudinem,
705 844 932 921 calamitatem3
956 850 988 908 et
1009 845 1034 907 si
1058 845 1237 918 orabimus,
1261 850 1296 905 ut
1316 843 1409 905 nobis
1424 842 1486 904 sint

161 937 300 1012 auxilio,
339 943 371 1000 et
399 937 492 1000 simul
523 940 724 1002 ostendemus
752 959 811 1000 nos
838 939 870 1001 in
898 939 968 1001 aliis
990 959 1078 1021 spem
1100 940 1240 1002 noluisse
1261 939 1390 1000 babere.
1435 937 1484 999 Ab

127 1052 133 1069 ·
160 1031 412 1094 adversariorum
440 1051 577 1114 persona
605 1032 826 1096 benevolentia
854 1034 1053 1115 captabitur,
1086 1035 1112 1095 si
1142 1053 1197 1096 cos
1228 1034 1261 1093 in
1287 1033 1417 1105 odium,
1451 1031 1484 1093 in

160 1125 333 1201 invidiam,
364 1127 397 1189 in
418 1129 685 1210 contemptionem
707 1129 909 1192 adducemus.
954 1129 990 1190 ln
1012 1129 1119 1191 odium
1142 1129 1318 1209 rapiemus,
1349 1125 1485 1209 siquod

30 1296 33 1304 Α
124 1240 272 1284 iocorum
293 1241 423 1302 spurce,
454 1225 612 1304 superbe,
643 1218 829 1304 perfidiose,
862 1223 1050 1297 crudeliter,
1073 1223 1291 1296 confidenter,
1315 1220 1483 1294 malitiose,

161 1316 316 1398 flagitiose
337 1316 452 1378 factum
475 1317 684 1399 proferemus.
728 1318 764 1380 ln
785 1318 936 1381 invidiam
958 1318 1139 1390 trahemus,
1164 1318 1189 1379 si
1212 1318 1295 1390 vim,
1325 1317 1351 1378 si
1372 1322 1485 1397 poten-

161 1411 254 1484 tiam,
288 1410 481 1485 factionem,
512 1412 656 1489 divitias,
700 1411 1013 1493 †incontinentiam,
1051 1411 1272 1485 nobilitatem,
1310 1410 1482 1483 clientelas,

161 1505 353 1586 hospitium,
386 1507 606 1583 sodalitatem,
647 1504 812 1571 affinitates
845 1507 1096 1571 adversariorum
1125 1506 1345 1588 proferemus,
1381 1512 1413 1568 et
1434 1505 1484 1567 bis

161 1599 348 1662 adiumentis
369 1601 469 1684 magis
492 1621 586 1685 quam
607 1603 739 1665 veritate
768 1622 824 1665 eos
852 1599 1010 1666 confidere
1036 1602 1223 1682 aperiemus.
1278 1602 1314 1662 ln
1343 1605 1484 1662 contem-

123 1694 302 1776 1sptionem
323 1696 533 1770 adducemus,
557 1696 583 1758 si
599 1696 764 1772 inertiam,
787 1696 966 1780 ignaviam,
990 1696 1164 1770 desidiam,
1187 1696 1344 1759 luxuriam
1362 1691 1484 1777 [adver-

160 1786 325 1873 sariorum]
349 1790 557 1872 proferemus.
602 1792 650 1852 Ab
683 1792 862 1854 auditorum
893 1810 1031 1873 persona
1058 1791 1280 1853 benevolentia
1305 1788 1482 1870 colligetur,

160 1885 188 1947 si
208 1905 259 1949 res
282 1903 392 1947 eorum
413 1884 557 1961 fortiter,
591 1886 771 1967 sapienter,
804 1892 985 1960 mansuete,
1021 1882 1185 1968 magnifiee
1207 1885 1356 1947 iudicatas
1378 1882 1485 1964 profc-

160 1998 287 2056 rcmus3
322 1985 354 2042 et
383 1979 433 2055 si,
467 1999 549 2063 quac
582 1982 621 2043 de
650 1980 689 2043 iis
717 1981 933 2054 existimatio,
967 1999 1047 2063 quac
1075 1980 1182 2042 iudicii
1216 1978 1408 2061 exspectatio
1430 1978 1482 2052 sit,

161 2075 350 2157 aperiemus.
394 2073 443 2137 Ab
465 2077 561 2138 rebus
583 2075 659 2156 ipsis
681 2076 871 2139 benevolum
893 2071 1064 2137 efficiemus
1080 2075 1277 2148 auditorem,
1301 2073 1328 2136 si
1344 2078 1483 2135 nostram

123 2187 287 2234 accensam
317 2169 474 2232 laudando
509 2170 716 2244 extollemus,
761 2169 1013 2233 adversariorum
1045 2190 1104 2252 per
1132 2169 1397 2250 contemptionem
1430 2169 1484 2230 de-

161 2266 344 2350 primemus.

243 2359 298 2424 vi.
332 2361 364 2423 9.
398 2357 554 2440 Deinceps
584 2358 623 2421 dc
654 2357 866 2422 insinuatione
888 2359 1093 2441 aperiendum
1115 2363 1184 2421 cst·
1218 2357 1292 2422 Tria
1312 2365 1385 2421 sunt
1405 2364 1484 2421 tem·

159 2473 260 2536 pora,
294 2452 408 2538 quibus
436 2453 593 2537 principio
620 2453 752 2516 utinen
773 2472 960 2535 possumus,
999 2473 1079 2539 quae
1102 2453 1267 2535 diligenter
1288 2460 1360 2516 sunt
1381 2454 1485 2516 consi-

160 2550 320 2613 deranda:
355 2554 409 2611 aut
437 2567 508 2611 cum
540 2554 663 2629 turpem
691 2567 818 2612 cansam
846 2549 1020 2623 babemus,
1055 2549 1116 2611 boc
1147 2556 1210 2623 est,
1246 2568 1317 2611 cum
1343 2548 1412 2631 ipsa
1433 2568 1483 2612 res

122 2661 150 2702 rs
160 2643 299 2708 animum
319 2642 473 2706 auditoris
494 2663 514 2705 a
534 2643 628 2705 nobis
650 2642 787 2720 alienat;
821 2651 876 2707 ant
903 2663 974 2707 cum
1000 2643 1122 2706 animus
1144 2644 1296 2706 auditoris
1318 2663 1484 2725 persuasus

160 2759 229 2804 csse
256 2738 381 2804 videtur
408 2738 448 2800 ab
478 2737 540 2812 iis,
574 2738 628 2822 qui
655 2744 728 2801 ante
757 2746 867 2801 contra
894 2739 1062 2814 dixerunt3
1096 2744 1150 2800 aut
1176 2758 1247 2799 curn
1274 2737 1414 2800 defessus
1437 2746 1484 2801 est

160 2853 216 2897 eos
237 2833 414 2909 audiendo,
439 2831 494 2915 qui
515 2838 587 2895 ante
610 2833 767 2896 dixerunt.
813 2834 845 2897 si
867 2851 960 2896 causa
981 2832 1205 2913 turpitudinem
1219 2830 1366 2905 babebit,
1390 2852 1483 2893 exor-

159 2928 220 2991 diri
241 2929 415 3010 poterimus
437 2927 487 2989 bis
508 2928 702 2990 rationibus:
727 2946 815 3002 rem,
839 2947 903 2990 non
925 2925 1106 2998 bominem,
1129 2932 1183 2987 aut
1204 2923 1387 2998 hominem,
1418 2944 1482 2985 non

158 3040 226 3085 rem
248 3023 383 3103 spectari
405 3026 573 3103 oportere3
608 3041 672 3083 non
693 3022 817 3105 placere
837 3020 930 3082 nobis
952 3020 1047 3101 ipsis,
1072 3038 1152 3101 quae
1174 3017 1256 3080 facta
1278 3018 1421 3080 dicantur
1442 3019 1481 3080 ab

122 3116 368 3189 coadvcrsariis,
404 3121 437 3177 et
465 3133 535 3177 esse
564 3114 694 3196 indigna
714 3120 769 3176 aut
789 3113 927 3188 nefaria;
966 3113 1080 3176 deinde
1102 3131 1174 3174 cum
1196 3112 1249 3174 diu
1270 3132 1337 3175 rem
1359 3113 1483 3176 auxeri-

159 3228 251 3284 mus,
282 3208 363 3270 nibil
383 3207 485 3270 simile
506 3228 526 3270 a
546 3207 639 3270 nobis
661 3207 776 3271 factum
799 3208 1022 3284 ostendemus3
1057 3214 1111 3269 aut
1132 3207 1310 3290 aliquorum
1332 3207 1482 3271 iudicium

159 3303 199 3365 de
221 3303 316 3367 simili
337 3321 449 3379 causa,
481 3309 535 3365 aut
555 3303 595 3365 de
617 3304 750 3378 cadem,
784 3308 838 3365 aut
859 3303 899 3365 de
920 3303 1065 3377 minore,
1099 3308 1153 3364 aut
1175 3303 1214 3365 de
1236 3303 1356 3365 maiore
1378 3302 1483 3384 profe·

158 3415 276 3458 remus.
320 3397 441 3461 Deinde
463 3398 502 3460 ad
525 3403 665 3460 nostram
687 3416 813 3461 causam
834 3396 1025 3480 pedetentim
1047 3397 1232 3461 accedemus
1254 3404 1286 3461 et
1306 3397 1483 3461 similitudi-

157 3511 232 3553 nem
254 3490 464 3555 conferemus.
508 3493 587 3555 item
617 3491 645 3554 si
671 3492 857 3575 negabimus
885 3512 945 3555 nos
971 3492 1011 3554 de
1032 3492 1219 3556 adversariis
1240 3498 1295 3556 aut
1315 3492 1356 3556 dc
1378 3493 1483 3577 aliqua

121 3603 194 3650 stre
216 3585 377 3661 dicturos,
401 3593 433 3650 et
453 3592 558 3650 nmen
581 3586 702 3650 occulte
725 3587 883 3661 dicemus,
906 3586 1123 3649 interiectione
1145 3589 1326 3651 verborum.
1375 3588 1424 3650 10.
1450 3586 1482 3648 Si

159 3697 330 3761 persuasus
351 3682 477 3745 auditor
497 3681 613 3756 buerit,
647 3681 680 3744 id
702 3688 772 3756 est,
807 3682 834 3745 si
861 3681 962 3745 oratio
985 3681 1238 3745 adversariorum
1259 3680 1369 3746 fecerit
1389 3676 1483 3743 fidem

160 3774 357 3838 auditoribus
379 3771 493 3861 (neqm
516 3777 599 3840 enim
621 3796 686 3839 non
707 3776 800 3840 facile
821 3776 902 3840 scire
915 3776 1107 3858 poterimus,
1132 3777 1281 3861 qnoniam
1296 3796 1360 3839 non
1375 3794 1481 3838 summ

159 3869 278 3944 nescii,
302 3870 416 3953 quibus
433 3871 528 3934 rebus
542 3867 619 3935 fides
634 3867 702 3935 ficri
716 3868 825 3953 soleat)
836 3905 878 3919 -
900 3889 975 3953 ergo
998 3870 1025 3932 si
1045 3866 1140 3933 fidem
1161 3870 1275 3934 factam
1289 3869 1479 3953 putabimus,

230 4088 258 4140 2.
278 4087 350 4139 land.
370 4095 449 4152 atquc
465 4092 495 4139 in
512 4089 574 4140 Pb:
602 4089 675 4141 tend·
700 4095 749 4143 ont
770 4091 800 4142 in
816 4089 942 4142 AFRTE.
967 4113 999 4128 -
1030 4089 1057 4140 d.
1076 4090 1185 4142 audient
1211 4089 1289 4141 AFR.
1319 4113 1347 4126 -
1380 4089 1484 4155 aliquid

49 4160 52 4164 '
160 4159 299 4223 reformas
317 4160 416 4211 PFRT.
447 4159 497 4223 (lle
515 4161 561 4212 ΑΒ
578 4173 632 4212 nou
652 4159 756 4228 liquet.)
785 4161 819 4212 Ut
837 4176 902 4221 nos.
922 4162 1069 4213 Ernecttus.
1096 4187 1129 4198 -
1160 4162 1186 4212 5.
1213 4175 1267 4224 quc
1284 4161 1317 4212 dc
1334 4159 1419 4220 Aba,
1452 4166 1484 4211 ut

160 4242 209 4294 ego
229 4235 378 4293 suspicatus
398 4244 469 4282 cram
489 4233 515 4282 ln
534 4232 585 4282 iio.
607 4244 666 4294 pn:
694 4234 727 4284 dc
745 4247 799 4298 quc
817 4232 916 4284 PBTE.
942 4257 977 4268 -·
1006 4232 1033 4283 ’1.
1053 4237 1078 4283 st
1095 4233 1176 4282 simut
1198 4233 1284 4283 PBT:
1313 4232 1390 4282 simut
1414 4231 1481 4283 ΑΓΕ

160 4296 196 4362 (ot
212 4303 236 4352 ci
253 4303 330 4353 simut
347 4299 394 4367 a.)
413 4326 445 4338 ·-
473 4304 516 4352 ta.
536 4303 655 4364 diuitiae,
674 4302 867 4368 cloquenttcm,
886 4304 1107 4354 incontinentiam
1125 4304 1167 4363 a,
1186 4305 1296 4354 diuitias
1312 4303 1355 4353 oct
1371 4304 1484 4353 inconti-

158 4375 278 4422 nentium
295 4373 327 4425 T.
366 4373 579 4423 «incontinentia
597 4375 629 4424 ab
649 4373 675 4425 b.
695 4375 713 4425 1.
733 4388 838 4438 promus
856 4378 941 4427 altena
961 4379 1029 4425 cst.»
1048 4373 1130 4424 Bria.
1142 4399 1175 4410 -·
1194 4374 1237 4425 11.
1257 4375 1366 4424 ceritati
1385 4372 1438 4425 BT.
1451 4397 1481 4412 ·-

160 4442 204 4491 15.
225 4439 450 4506 adversariorum]
471 4443 515 4495 Sic
528 4443 612 4495 Codd.
633 4448 714 4497 nostrl
735 4458 795 4497 cum
815 4447 947 4510 plerisque
966 4451 994 4497 at
1011 4445 1047 4506 ii,
1068 4458 1156 4496 eornm
1174 4457 1234 4496 curn
1253 4444 1338 4497 codd.
1366 4444 1429 4506 aliq.
1450 4444 1482 4504 L,

161 4509 255 4564 Graev-
275 4514 358 4576 Scb,
388 4517 506 4576 ipsorum
533 4513 618 4566 Onon.
639 4530 722 4576 unus,
754 4530 824 4581 quae
849 4515 1076 4567 contractors.
1101 4517 1252 4575 duxerunt.
1286 4518 1410 4578 quocirca
1439 4528 1482 4567 sc·

162 4581 297 4635 clusimus.
314 4612 343 4624 -
357 4585 401 4637 20·
415 4585 535 4635 tollemus
547 4585 646 4637 PAFT.
659 4611 689 4624 -
709 4587 753 4637 22·
767 4583 946 4651 aperiendum]
961 4587 1096 4637 dicendum
1104 4588 1182 4647 Aba,
1201 4587 1339 4638 dicendam
1350 4598 1482 4648 superior.

160 4655 330 4715 apcriondum
347 4656 388 4716 T,
420 4657 544 4706 ntcndnni
561 4670 691 4718 superscr-
713 4659 883 4720 cpericnduin
900 4658 932 4716 B,
952 4659 1123 4708 tractandum
1141 4659 1201 4709 Vct.
1220 4657 1357 4719 Stephani.
1381 4681 1410 4693 -
1436 4656 1482 4708 26.

160 4736 212 4774 cccc
227 4725 333 4776 cicietur
350 4726 455 4778 PFRT:
475 4729 577 4779 cicietur
589 4741 643 4779 cccc
655 4729 733 4779 ABE.
754 4755 784 4766 -
809 4728 853 4780 85·
872 4728 901 4778 Si
917 4730 1197 4791 percantaretur,
1216 4729 1241 4779 si
1254 4729 1342 4778 oratio
1357 4727 1410 4778 liri.
1430 4727 1480 4780 Vr.

160 4791 191 4850 Sl
206 4807 350 4856 pannosus
367 4821 378 4833 ·
395 4819 407 4832 ·
423 4798 452 4848 td
469 4804 506 4849 nt
522 4807 645 4861 suspecta
666 4799 797 4850 Gronortc
817 4802 941 4861 cxpnurtt
960 4799 1043 4858 seb:
1076 4801 1187 4852 Graerto
1206 4807 1327 4861 suspecta
1346 4794 1420 4850 crabt
1439 4812 1479 4851 rr.

160 4863 190 4914 tc
201 4871 238 4917 cst
256 4889 289 4904 ··
306 4866 407 4930 1111111.
423 4893 454 4909 -
472 4867 518 4921 tc.
530 4867 707 4940 [cumidem
720 4871 888 4924 aasentias
899 4870 1055 4924 rannac:
1074 4870 1243 4925 unctioribus
1253 4870 1429 4938 tdnntccoeit
1446 4869 1480 4923 lt.
