3232 5392
176 217 216 280 ao
593 168 595 173 ⁸
687 216 740 281 aa
763 214 1000 281 urrunnun

175 374 311 441 auditori
333 382 470 460 potestas
493 374 632 439 animum
654 377 694 439 de
717 396 752 440 re
775 371 951 439 firmissima
975 375 1175 439 demovendi.
1221 374 1303 441 Huic
1326 379 1506 463 exemplum

176 473 249 535 satis
271 469 420 534 idoneum
444 469 558 536 subiici
579 491 643 533 nou
667 471 786 554 potuit,
819 478 988 554 propterea
1015 471 1101 554 quod
1133 470 1185 535 bic
1219 471 1309 534 locus
1331 493 1397 536 non
1419 482 1507 537 esta

175 573 241 629 tota
270 585 364 630 causa
390 573 552 647 separatus
585 565 678 629 sicuti
706 567 884 629 membrum
914 566 1060 651 aliquod,
1101 566 1158 629 sed
1188 570 1347 650 umquam
1380 565 1506 651 sanguis

175 660 322 744 perfusus
344 667 392 723 est
412 679 472 742 per
494 667 595 723 totum
617 680 732 742 corpus
755 657 919 723 orationis.

153 771 165 812 ε
260 751 424 816 Couteutio
441 763 505 829 est,
529 773 700 840 perquam
724 751 881 816 contraria
903 753 1096 816 reseruntur.
1143 755 1187 817 Ea
1210 762 1257 819 est
1281 757 1314 818 iu
1330 759 1502 821 verborum

174 847 456 922 exornatiouibus,
482 856 517 912 ut
538 856 611 912 aute
634 847 822 922 docuimus,
846 847 1051 909 huiusmodi:
1085 846 1223 912 Inimicis
1245 857 1276 913 te
1301 851 1501 933 placabilem,

174 941 283 1006 amicis
305 940 533 1005 inexorabilem
556 945 701 1028 praebes.
748 943 783 1004 ln
806 940 1046 1014 sententiarum,
1079 939 1280 1008 huiusmodi:
1319 951 1383 1010 Vos
1407 945 1502 1010 huius

172 1035 382 1100 incommodis
412 1035 547 1118 lugetis,
585 1037 643 1100 iste
666 1037 712 1099 rei
741 1037 888 1120 publicae
911 1037 1087 1099 calamitate
1110 1038 1255 1101 laetatur.
1301 1041 1366 1104 Vos
1389 1041 1501 1104 restris

172 1129 306 1193 fortunis
336 1125 497 1203 dilliditis,
532 1129 590 1194 iste
623 1131 709 1194 solus
742 1130 807 1193 suis
840 1150 879 1192 eo
909 1131 1008 1214 magis
1038 1128 1178 1195 conlidit.
1223 1136 1308 1198 luter
1330 1137 1409 1198 baec
1438 1136 1501 1199 duo

135 1257 163 1297 10
173 1228 409 1289 contentionum
433 1244 550 1307 genera
572 1226 634 1287 boc
655 1224 801 1288 interest:
835 1222 913 1288 illud
937 1245 979 1288 ex
1000 1226 1107 1288 verbis
1129 1227 1276 1291 celeriter
1299 1230 1407 1293 relatis
1430 1248 1503 1294 con-

173 1320 249 1392 stat:
271 1320 323 1382 hic
346 1318 519 1382 sententiae
541 1321 716 1383 contrariae
738 1341 780 1383 ex
801 1319 1035 1401 comparatione
1057 1320 1235 1384 reserantur
1256 1329 1395 1406 oportet.

257 1417 308 1477 59.
347 1412 524 1477 Similitudo
555 1421 603 1477 est
631 1416 732 1477 oratio
760 1416 926 1477 traducens
955 1415 994 1476 ad
1025 1435 1091 1477 rem
1114 1414 1293 1500 quampiam
1316 1418 1437 1502 aliquid
1459 1437 1498 1480 ex

172 1530 206 1572 re
229 1506 344 1591 dispari
367 1509 480 1571 simile.
524 1510 571 1571 Ea
592 1510 725 1572 sumitur
747 1516 801 1571 aut
824 1506 957 1571 ornandi
979 1529 1073 1570 causa
1094 1518 1150 1573 aut
1171 1511 1327 1591 probandi
1343 1520 1396 1574 aut
1412 1530 1500 1596 aper-

171 1605 233 1689 tius
262 1601 385 1665 dicendi
418 1609 471 1664 aut
504 1611 576 1665 ante
598 1601 707 1665 oculos
728 1600 878 1688 ponendi.
922 1604 961 1664 llt
983 1604 1144 1687 quomodo
1168 1611 1317 1687 quattuor
1338 1607 1378 1667 de
1401 1605 1501 1667 causis

134 1698 323 1771 assumitur,
358 1697 399 1758 ita
423 1704 570 1780 quattuor
592 1698 693 1761 modis
715 1696 851 1760 dicitur:
888 1693 1182 1779 percontrarium,
1206 1716 1263 1780 per
1286 1699 1498 1781 negationem,

171 1812 228 1877 per
249 1789 452 1866 brevitatem,
478 1810 535 1875 per
557 1790 768 1856 collationem.
814 1793 860 1855 Ad
881 1810 977 1853 uuam
999 1810 1156 1874 quamque
1178 1792 1350 1855 sumendae
1372 1810 1498 1854 causam

171 1885 384 1951 similitudinis
407 1886 715 1950 accommodabimus
737 1885 877 1969 singulos
901 1888 1013 1948 modos
1027 1885 1262 1968 pronuntiandi.
1308 1886 1418 1948 xtvt.
1442 1887 1501 1949 Or·

170 1982 265 2046 naudi
288 2002 382 2044 causa
405 1981 537 2043 sumitur
559 1999 616 2064 per
645 1979 859 2052 contrarium,
892 1978 958 2041 sic:
994 1981 1065 2041 Non
1094 1979 1196 2053 enim,
1232 1981 1500 2063 quemadmodum

171 2079 205 2139 in
225 2079 396 2163 palaestra,
421 2073 475 2160 qui
498 2077 604 2137 medas
627 2073 795 2138 candentes
816 2071 945 2154 accipit,
970 2070 1105 2137 celerior
1126 2081 1174 2137 est
1189 2072 1221 2136 in
1237 2094 1334 2139 cursu
1349 2077 1498 2139 continuo

134 2192 264 2257 acquam
287 2169 360 2243 ille,
383 2171 438 2255 qui
459 2169 569 2241 tradit,
595 2168 637 2231 ita
659 2167 771 2232 melior
792 2169 963 2252 imperator
985 2188 1101 2242 novus,
1127 2169 1180 2253 qui
1196 2169 1310 2253 accipit
1324 2167 1499 2232 exercitum

172 2286 264 2351 quam
288 2263 359 2338 ille,
384 2264 438 2349 qui
461 2262 608 2338 decedit3
633 2273 797 2348 propterea
820 2264 905 2346 quod
920 2261 1106 2345 defatigatus
1120 2282 1231 2326 cursor
1244 2265 1369 2347 integro
1383 2265 1496 2338 lacem,

172 2359 222 2423 bic
242 2361 362 2441 peritus
384 2357 554 2439 imperator
576 2355 723 2441 imperito
745 2354 918 2420 exercitum
941 2357 1045 2419 tradit.
1091 2358 1160 2420 lloc
1192 2360 1260 2421 siue
1293 2357 1388 2421 simili
1422 2360 1497 2421 satis

171 2454 264 2537 plane
287 2460 318 2514 et
339 2455 502 2536 perspicue
525 2460 555 2514 et
578 2451 785 2533 probabiliter
807 2450 868 2513 diei
891 2451 1010 2531 potuit,
1036 2453 1096 2514 hoc
1119 2453 1233 2515 modo:
1268 2453 1372 2516 ltliuus
1395 2454 1497 2516 bonos

170 2547 376 2629 imperatores
405 2565 423 2608 a
452 2544 636 2610 melioribus
666 2545 822 2610 exercitus
849 2543 991 2628 accipere
1013 2542 1135 2607 solere:
1171 2547 1227 2609 sed
1250 2547 1382 2610 ornandi
1404 2565 1499 2609 causa

133 2639 272 2711 „sinite
286 2650 443 2725 sumptum
460 2649 521 2714 est,
544 2650 578 2704 ut
594 2640 729 2706 orationi
752 2641 904 2725 quaedam
927 2635 1058 2719 dignitas
1081 2651 1327 2722 compararetur.
1372 2638 1497 2704 Dictum

170 2743 217 2798 est
239 2745 340 2800 autam
365 2754 422 2820 per
443 2735 646 2800 contrarium.
691 2738 769 2798 Nam
793 2730 1202 2797 tuncsimilitudosumitur
1219 2733 1495 2816 percontrarium,

169 2849 239 2893 cum
262 2829 292 2893 ei
314 2829 378 2902 rei,
412 2851 504 2915 quam
528 2851 585 2895 nos
607 2833 795 2915 probamus,
831 2825 965 2910 aliquam
988 2846 1055 2889 rem
1078 2846 1228 2909 negamus
1250 2847 1319 2892 esse
1341 2827 1493 2903 similem,

169 2933 204 2986 ut
225 2922 330 3008 paullo
351 2933 441 2998 ante,
466 2918 536 2986 cum
560 2922 599 2987 dc
622 2919 803 2987 cursoribus
826 2917 1067 2984 disserebamus.
1109 2922 1170 2984 Per
1192 2923 1390 3004 negationem
1414 2920 1498 2986 dice·

168 3025 220 3080 tur
243 3015 396 3102 probandi
418 3038 528 3092 causa,
552 3021 612 3081 boe
633 3015 746 3081 modo:
785 3019 893 3100 Neque
916 3035 1015 3099 equus
1038 3013 1223 3089 indomitus,
1247 3018 1388 3102 quamvis
1412 3015 1495 3082 bane

131 3119 279 3187 ,auctura
301 3115 492 3195 compositus
515 3111 569 3186 sit,
604 3110 735 3174 idoneus
756 3116 857 3195 potest
879 3129 947 3172 esse
971 3107 1085 3174 adeas
1107 3110 1269 3186 utilitates,
1308 3132 1390 3196 quae
1414 3110 1497 3176 desi-

169 3202 318 3269 derantur
345 3203 384 3268 ab
413 3225 513 3291 equo;
547 3225 650 3290 neque
678 3208 773 3268 bomo
795 3202 957 3277 indoctus,
995 3203 1137 3287 quamvis
1159 3204 1199 3268 sit
1220 3205 1418 3288 ingeniosus,
1456 3208 1495 3269 ad

167 3297 314 3363 virtutem
336 3310 440 3384 potest
462 3299 639 3386 pervenire.
686 3299 754 3362 lloc
775 3295 968 3382 probabilius
991 3289 1106 3361 lactum
1129 3307 1194 3373 est,
1221 3298 1305 3384 quod
1328 3299 1426 3383 magis
1448 3307 1496 3363 est

167 3393 234 3459 veri
263 3394 363 3458 simile
393 3415 456 3459 uon
487 3412 579 3478 posse
609 3392 757 3456 virtutem
784 3391 851 3454 sine
879 3388 1018 3454 doctrina
1047 3398 1238 3477 comparari,
1276 3393 1424 3480 quoniam
1456 3414 1495 3458 na

168 3511 268 3577 equus
301 3489 426 3575 quidam
457 3487 625 3552 indomitus
653 3486 786 3550 idoneus
815 3483 912 3570 possit
941 3505 1017 3550 csse.
1062 3488 1146 3570 Ergo
1174 3498 1330 3573 sumptum
1353 3497 1400 3552 est
1421 3507 1495 3573 pro-

130 3583 261 3662 „bandi
283 3606 386 3650 causa.
429 3583 553 3646 Dictum
584 3590 631 3645 est
658 3590 760 3645 autem
789 3601 847 3665 per
873 3580 1086 3661 negationem
1122 3583 1153 3643 id
1186 3586 1268 3645 enim
1291 3581 1493 3667 perspicuum

167 3689 215 3744 est
242 3678 281 3744 de
321 3679 424 3763 primo
460 3674 672 3742 similitudinis
711 3672 820 3738 verbo.
876 3675 1001 3739 XLVll.
1032 3677 1083 3737 60.
1114 3677 1262 3740 Sumatur
1295 3686 1326 3740 at
1354 3675 1493 3760 apertius

167 3773 290 3839 dicendi
313 3794 404 3838 causa
428 3768 597 3836 similitudo
620 3790 678 3854 per
699 3766 899 3840 brevitatem,
923 3770 982 3829 boc
1004 3766 1116 3831 modo:
1141 3769 1177 3832 lu
1199 3769 1332 3833 amicitia
1355 3768 1493 3851 gerenda

167 3868 248 3933 sicut
268 3871 300 3933 in
322 3867 493 3932 certamine
515 3864 663 3928 currendi
686 3885 746 3926 non
770 3864 812 3926 ita
834 3859 978 3926 convenit
993 3861 1151 3935 exerceri,
1175 3872 1223 3936 ut,
1246 3860 1350 3948 quoad
1364 3883 1491 3927 necesse

167 3962 222 4038 sit,
246 3962 352 4028 venire
375 3959 493 4046 possis;
516 3958 571 4023 scd
593 3968 628 4022 ut
649 3956 820 4041 productus
842 3954 945 4019 studio
967 3962 997 4017 et
1019 3953 1136 4018 viribus
1158 3955 1239 4019 ultra
1255 3956 1344 4020 l'acile
1359 3977 1492 4039 procur·

130 4079 228 4133 roras.
271 4061 349 4120 Nam
378 4061 437 4119 boc
463 4053 563 4117 simile
592 4061 653 4125 ost,
690 4061 724 4116 ut
752 4050 890 4135 apertius
912 4046 1102 4131 intelligatur
1124 4047 1203 4112 mala
1225 4050 1346 4114 ratione
1369 4050 1489 4125 lacere,

167 4153 220 4240 qui
243 4148 474 4235 reprehendant
496 4168 567 4222 eos,
604 4145 657 4232 qui
685 4149 775 4210 verbi
801 4162 895 4207 causa
921 4149 1146 4226 postmortem
1169 4142 1259 4206 amici
1282 4144 1400 4209 liberos
1423 4150 1490 4209 eius

166 4247 359 4321 custodiant,
393 4254 560 4330 propterca
590 4238 676 4326 quod
697 4240 729 4303 in
750 4256 880 4303 cursore
901 4243 1017 4300 tantum
1040 4236 1212 4302 velocitatis
1235 4259 1303 4303 esse
1326 4248 1489 4324 oporteat,

166 4351 202 4407 ut
223 4341 372 4407 elleratur
393 4338 473 4402 ultra
496 4335 605 4413 [inem;
628 4334 661 4398 in
683 4333 783 4398 amico
805 4342 922 4396 tanturn
946 4327 1193 4406 benevolentiae,
1218 4343 1252 4398 ut
1274 4333 1371 4408 ultra,
1395 4355 1489 4418 quam

235 4508 260 4555 1.
275 4506 425 4555 demorandi
437 4503 543 4559 Paua,
558 4500 593 4548 L:
613 4497 761 4549 dimoueodi
771 4495 846 4546 Fra.
864 4517 890 4527 -
911 4494 937 4543 7.
953 4496 1099 4545 tntusmodt
1112 4497 1264 4546 PABFRT:
1279 4497 1406 4546 eiusmodi
1417 4497 1445 4548 ll.
1456 4521 1488 4535 -

167 4576 210 4627 19.
229 4579 367 4626 candentes
378 4573 534 4625 Pariunt:
554 4571 674 4620 ardentes
687 4567 717 4618 E.
732 4589 763 4602 -
781 4566 905 4615 cominuo
918 4578 972 4614 om.
986 4566 1016 4615 T.
1034 4590 1064 4602 -
1083 4569 1127 4617 Ἠ.
1149 4570 1278 4618 exercitus
1292 4568 1397 4617 aaut:
1417 4582 1489 4617 carar-

165 4649 245 4697 cr'tum
260 4648 338 4696 altit.
354 4669 385 4682 -
404 4646 446 4694 25.
467 4644 595 4708 quasdam
616 4642 734 4703 dtqnltaa
751 4635 903 4685 Paat'ttT:
929 4638 1046 4700 dtqnttas
1064 4642 1193 4701 quaedum
1210 4639 1240 4688 ll.
1259 4662 1292 4673 ·-
1319 4646 1489 4698 comparetur

166 4715 263 4768 Part.
279 4744 307 4753 -
321 4716 363 4765 28.
378 4716 426 4765 Vr.
439 4722 469 4763 at
478 4741 509 4753 ·-
522 4713 709 4763 disserebamus
718 4707 769 4756 del.
782 4706 843 4756 Scb·
857 4731 889 4738 —
902 4709 1071 4757 adserebatur
1085 4711 1181 4768 l‘FltT,
1194 4709 1377 4758 adserebamua
1390 4709 1445 4758 Ab.
1455 4735 1484 4747 -

166 4788 209 4837 ab.
225 4788 288 4836 bena
299 4796 399 4835 natura
413 4786 537 4836 lauru:
559 4789 660 4832 natura
673 4781 732 4829 berte
744 4777 799 4826 ΤΕ.
814 4801 846 4812 ·-
869 4776 911 4825 aa.
926 4781 1013 4828 ceretro
1025 4779 1174 4831 rabanus
1190 4782 1325 4840 pervenire
1339 4780 1367 4828 ll.
1389 4805 1417 4815 -
1440 4780 1492 4831 td..

166 4860 239 4909 atara
253 4857 287 4917 Ρ,
308 4856 399 4907 bulso.
420 4857 490 4906 brt:
511 4868 591 4917 arque
609 4854 645 4902 ad
660 4847 803 4900 aarum
824 4845 928 4908 (Nostra
943 4849 1019 4899 loctto
1033 4851 1148 4900 tlrnratur
1162 4853 1239 4898 ettam
1259 4834 1338 4905 aba.
1359 4852 1406 4910 qut
1425 4862 1485 4900 rum

167 4929 188 4980 Ρ
203 4933 353 4981 omltteuter
367 4941 408 4980 vv·
421 4927 494 4978 altra
511 4952 546 4965 ·-
562 4925 697 4974 amicitiae
709 4934 756 4984 pro
769 4923 871 4972 omtssts
884 4921 982 4971 trabant
992 4921 1109 4970 startiam
1120 4928 1148 4971 ut
1167 4921 1291 4987 efferatur
1302 4921 1375 4970 atrro
1386 4918 1486 4986 finem.)
