3216 5400
156 232 220 299 libb
571 225 807 295 balaanan
828 225 871 293 bl.
895 225 1070 293 artabu.

158 397 352 477 comparent.
395 391 469 455 335.
504 389 685 453 [atlantem
706 407 779 454 cum
801 384 1194 466 dissolvuntorationem,
1216 389 1248 456 in
1269 411 1333 478 qua
1355 412 1487 460 nccres

157 507 218 552 nec
239 489 371 552 verbnm
394 483 491 550 ullum
513 488 561 547 θεῖ
582 481 642 547 nisi
664 480 843 559 abiectam,
866 503 931 548 non
946 482 1111 570 clupeum,
1135 481 1192 549 scd
1205 491 1241 550 ut
1256 483 1290 550 in
1312 487 1487 570 proverbio

157 587 206 645 θεῖ
222 580 337 646 -etsi
357 577 507 644 humilius
527 575 645 642 dictum
667 585 730 649 est,
752 585 858 643 tamen
880 576 981 643 simile
996 586 1098 645 cst-
1111 598 1239 666 scopas,
1263 586 1298 646 nt
1310 579 1357 645 ita
1372 583 1486 660 dimin,

157 675 236 739 mihi
258 676 404 739 videntur
425 671 610 738 dissolvere.
654 676 755 757 Atque
775 661 811 738 u't
831 671 924 760 plane
945 693 1045 757 genus
1066 674 1144 749 hoc,
1179 675 1267 760 prod
1288 694 1350 761 ego
1373 674 1486 753 laudo,

135 766 382 852 scontempsisse
403 769 584 841 videantur,
607 773 662 832 ant
684 768 823 833 scribant
844 766 964 852 aliquid
983 769 1036 832 vel
1057 770 1219 834 Isocrateo
1239 787 1330 835 more
1351 769 1404 836 vel
1425 791 1487 859 quo

157 864 327 930 Aeschines
348 868 402 926 aut
421 861 650 926 Demosthenes
671 863 786 936 utitur,
809 869 877 927 tam
897 860 969 926 illos
984 861 1172 928 existimabo
1187 883 1253 928 non
1268 862 1488 951 desperatione

156 955 376 1023 formidarisse
398 975 497 1042 genus
518 959 595 1030 boc,
618 959 673 1021 sed
693 955 810 1021 iudicio
833 953 1005 1039 relapsam
1036 964 1089 1022 aut
1110 958 1266 1042 reperiam
1287 961 1357 1046 ipsa
1379 960 1489 1026 eadem

158 1051 344 1118 condicione
373 1053 427 1137 qni
455 1049 501 1113 uti
529 1048 622 1126 velit,
661 1057 696 1113 ut
722 1057 775 1116 aut
802 1052 885 1115 dicat
907 1057 959 1114 ant
980 1052 1096 1118 scribat
1117 1059 1187 1117 utra
1209 1052 1299 1118 voles
1320 1053 1428 1139 lingua
1450 1075 1490 1121 eo

159 1167 292 1231 genere,
318 1164 383 1230 qno
404 1143 449 1210 illi
463 1142 590 1222 volunt;
612 1141 734 1210 lacilins
757 1151 806 1209 θεῖ
827 1145 911 1209 enim
932 1151 1004 1229 apta
1027 1147 1201 1212 dissolvere
1222 1167 1316 1232 quam
1339 1150 1488 1235 dissipata

120 1249 355 1305 seconnectere.
399 1240 472 1302 336.
506 1240 567 1302 Res
596 1246 703 1304 autern
733 1259 768 1304 se
797 1240 842 1303 sic
864 1239 978 1314 babet,
1015 1246 1049 1304 ut
1070 1237 1255 1305 baensnma
1277 1243 1380 1307 dicam
1404 1245 1489 1327 quod

158 1333 290 1399 sentiot'
308 1334 483 1419 composite
504 1340 536 1396 θῖ
557 1341 631 1417 apte
652 1334 721 1398 sine
743 1326 905 1398 sententiis
927 1329 1033 1396 dicere
1054 1332 1176 1398 insania
1199 1342 1262 1410 est,
1294 1338 1488 1401 sententiose

158 1436 262 1494 autem
286 1427 355 1493 sine
381 1428 555 1491 verborum
585 1433 618 1490 et
643 1427 756 1491 ordine
784 1435 816 1491 et
838 1428 936 1492 modo
957 1425 1103 1501 infantia,
1127 1429 1183 1492 sed
1205 1429 1363 1496 eiusmodi
1384 1439 1488 1496 tamen

157 1521 309 1597 infantia,
344 1528 379 1585 nt
400 1540 438 1584 ea
459 1519 515 1606 qui
535 1526 681 1596 utantur,
716 1539 781 1585 non
803 1522 889 1585 stulti
910 1522 1056 1586 homines
1077 1519 1186 1586 baberi
1214 1525 1357 1607 possint,
1395 1528 1489 1590 etiam

137 1616 346 1702 plerumque
367 1616 556 1698 prudentem
588 1634 651 1699 quo
675 1615 730 1699 qui
751 1621 799 1679 θεῖ
819 1623 1002 1691 contentus,
1039 1623 1157 1680 utatur.
1201 1619 1365 1706 Eloquens
1394 1639 1487 1695 vcro,

119 1710 214 1795 aequi
239 1730 304 1775 non
326 1708 569 1795 approbationes
590 1707 711 1784 solum,
745 1711 802 1774 sed
823 1710 1059 1785 admirationes,
1087 1712 1252 1788 clamores,
1283 1711 1429 1798 plausus,
1462 1715 1488 1779 si

160 1808 271 1881 liceat,
296 1824 425 1870 movere
448 1800 560 1877 debet,
583 1800 730 1868 omnibus
751 1810 879 1888 oportet
906 1804 949 1868 ita
977 1805 1073 1868 rebus
1102 1803 1251 1882 excellat,
1284 1815 1322 1872 ut
1344 1809 1375 1872 ei
1397 1816 1489 1893 turpe

158 1901 200 1964 sit
220 1902 391 1986 quidquam
418 1905 472 1961 aut
493 1895 628 1980 spectari
649 1903 704 1960 aut
724 1895 825 1962 audiri
849 1895 1009 1963 libentius.

244 1997 318 2059 337.
342 1989 449 2056 Habes
470 2012 575 2055 meum
598 1993 638 2054 de
658 1999 802 2066 oratore,
825 1995 940 2068 Brute,
964 1990 1132 2071 indicium;
1155 1993 1243 2079 quod
1265 2002 1320 2059 aut
1341 2001 1486 2082 sequere,

158 2090 185 2154 si
207 2087 406 2174 probaveris,
429 2092 482 2151 aut
504 2094 559 2151 tuo
581 2085 696 2160 stabis,
718 2083 745 2149 si
759 2086 845 2152 aliud
863 2085 1021 2172 quoddam
1043 2097 1091 2151 θεῖ
1112 2096 1211 2156 tuum.
1253 2091 1291 2153 ln
1305 2109 1370 2176 qno
1385 2111 1489 2177 nequa

107 2211 150 2253 aa
159 2184 307 2266 pugnabo
330 2189 435 2245 tecum
456 2201 560 2268 neque
581 2184 643 2245 hoc
663 2200 790 2257 meum,
828 2183 867 2246 da
896 2201 961 2266 quo
988 2189 1074 2245 tanto
1097 2201 1195 2266 opere
1216 2186 1278 2249 hoc
1299 2182 1383 2250 libro
1407 2205 1491 2251 asse·

158 2275 285 2353 varari,
319 2295 457 2363 unquam
487 2274 649 2340 affirmabo
680 2294 749 2340 esse
776 2276 881 2341 verius
911 2295 1005 2360 quam
1033 2283 1133 2342 tunm
1176 2279 1284 2342 Potest
1311 2281 1396 2343 enim
1427 2299 1490 2344 non

159 2374 263 2437 solum
285 2369 370 2434 alind
392 2369 471 2435 mihi
492 2391 529 2435 ac
551 2371 628 2446 tibi,
665 2367 722 2434 sed
747 2368 824 2435 mibi
846 2371 906 2453 ipsi
929 2367 1014 2435 aliud
1036 2369 1112 2436 alias
1134 2369 1245 2438 rideri.
1289 2375 1355 2437 Nec
1377 2375 1411 2439 in
1433 2375 1492 2441 bac

168 2471 264 2533 modo
292 2486 347 2542 re,
382 2485 462 2550 quae
490 2463 530 2530 ad
559 2464 646 2548 vulgi
674 2484 834 2529 assensum
859 2472 979 2548 spectet
1007 2472 1040 2528 et
1067 2465 1106 2528 ad
1133 2467 1255 2531 aurium
1277 2469 1488 2549 voluptatem,

165 2583 246 2649 quae
267 2563 330 2626 duo
353 2569 426 2626 sunt
447 2558 486 2625 ad
507 2557 708 2624 iudicandum
722 2559 895 2634 levissima,
918 2560 974 2622 sed
989 2578 1030 2622 ne
1045 2559 1078 2621 in
1095 2559 1238 2624 maximis
1252 2558 1380 2646 quidem
1396 2563 1492 2626 rebus

121 2659 332 2744 nequidquam
354 2658 457 2720 adhuc
479 2656 585 2719 inveni
607 2653 745 2728 firmins,
781 2650 867 2737 quod
890 2661 1029 2717 tenerem
1051 2659 1105 2716 aut
1126 2672 1189 2739 quo
1211 2652 1363 2718 indicium
1385 2674 1491 2718 meum

160 2755 350 2835 dirigerem,
373 2769 466 2836 quam
488 2748 539 2824 id,
564 2752 776 2833 quodcunque
799 2746 875 2812 mibi
898 2767 989 2833 quam
1013 2746 1204 2812 simillimum
1227 2751 1295 2812 veri
1318 2751 1490 2823 rideretur,

160 2867 232 2912 cum
254 2845 358 2930 ipsum
380 2842 457 2909 illud
479 2865 589 2908 verum
617 2843 649 2907 in
679 2845 803 2907 occulto
830 2841 951 2910 lateret.
994 2844 1067 2906 338.
1103 2846 1150 2908 Tu
1179 2853 1285 2908 autem
1315 2844 1430 2920 velim,
1466 2845 1491 2908 si

159 2942 219 3007 tibi
250 2962 307 3017 ea,
341 2959 421 3026 quae
452 2941 609 3024 disputata
637 2946 725 3010 sunt,
759 2938 862 3001 minus
890 2934 1122 3019 probabuntur,
1157 2946 1191 3003 ut
1213 2947 1266 3003 aut
1288 2939 1390 3003 maius
1412 2958 1492 3024 opus

160 3037 334 3102 institutum
358 3042 448 3120 putes
477 3053 570 3119 quam
593 3030 676 3096 effici
697 3032 853 3117 potuerit,
890 3039 962 3106 aut,
995 3034 1068 3095 dum
1099 3032 1156 3096 tibi
1183 3033 1305 3116 roganti
1334 3033 1491 3098 voluerim

124 3155 152 3196 sn
163 3132 312 3217 obsequi,
335 3129 525 3194 verecundia
547 3128 681 3212 negandi
704 3126 864 3191 scribendi
886 3146 937 3189 me
960 3125 1186 3210 impudentiam
1209 3126 1396 3213 suscepisse.

233 3340 259 3390 ³.
279 3341 328 3392 Vs.
342 3347 430 3390 tomen
443 3339 528 3388 simile
542 3343 579 3386 est
593 3351 646 3388 om.
661 3337 763 3387 Nonius
782 3338 810 3386 tn
823 3350 848 3386 r.
863 3335 979 3398 Scopas,
999 3335 1094 3387 Palati.
1111 3337 1174 3397 dno,
1194 3338 1246 3388 liri.
1259 3337 1311 3389 Gn.
1325 3337 1364 3396 3.,
1384 3339 1492 3389 seclusit

161 3413 264 3475 Meyer.
285 3438 318 3448 -
348 3411 431 3461 simile
450 3411 502 3459 vn.
525 3409 596 3458 Eius.
617 3409 664 3457 Dr.
684 3408 758 3458 blan.
780 3407 830 3456 Gn.
851 3407 877 3456 3.
898 3409 937 3457 n:
960 3408 1093 3458 consimile
1112 3422 1172 3459 cum
1191 3409 1301 3459 Medici.
1323 3415 1350 3458 θῖ
1367 3409 1439 3459 sido
1459 3409 1489 3460 ll.

163 3507 197 3518 -
216 3483 264 3533 Vt.
284 3490 313 3532 ut
332 3483 373 3530 ito
391 3483 477 3532 dicem
494 3481 601 3530 seclusit
620 3479 683 3528 lira.
703 3477 743 3542 (nt
762 3477 849 3528 dicam
867 3479 908 3526 ito
926 3478 979 3528 Ἧῖ.
1000 3477 1100 3538 Peter.)
1120 3505 1149 3517 -
1177 3479 1203 3530 d·
1232 3487 1296 3530 tunc
1316 3479 1370 3528 liri.
1392 3480 1445 3530 Gn.
1464 3480 1490 3530 3.

165 3579 195 3591 -
214 3553 242 3602 7.
262 3554 445 3615 [armidoctus
464 3551 517 3600 Ἧι.
537 3551 609 3601 Eine.
631 3550 693 3599 nn:
725 3548 941 3611 reformidocisse
960 3547 1012 3597 Gu.
1033 3550 1057 3599 t.
1078 3549 1104 3599 3.
1125 3549 1183 3600 itii.
1215 3574 1243 3586 -
1273 3552 1406 3612 reperiam
1433 3551 1493 3610 ipsc

163 3623 236 3674 litos.
257 3623 300 3673 Dr.
321 3623 395 3674 Mon.
416 3621 468 3670 Gn.
489 3623 514 3671 t.
534 3622 581 3670 2:
609 3622 742 3683 reperiam
760 3622 815 3680 ipse
833 3618 917 3668 Codd.
937 3620 1030 3682 Regii,
1057 3617 1108 3668 Gu.
1129 3619 1176 3676 3.,
1205 3622 1341 3681 reperiant
1360 3622 1419 3682 ipso
1438 3621 1490 3670 Ἧι.

164 3695 219 3744 Eri.
240 3693 294 3743 RE.
317 3716 345 3726 -
367 3693 393 3743 a.
414 3693 484 3741 voles
503 3692 553 3742 Ἧι.
574 3691 627 3741 Eri.
649 3690 700 3741 Gn.
721 3693 746 3740 t.
767 3690 793 3738 3.
815 3690 855 3739 ll:
875 3691 937 3740 vetit
957 3691 1047 3747 litas..
1067 3689 1136 3741 volet
1154 3690 1218 3740 lirn-
1237 3694 1307 3741 cont·
1330 3713 1360 3726 -
1391 3694 1435 3741 tt).
1455 3693 1492 3742 sis

163 3778 190 3815 se
207 3766 252 3814 Dr.
274 3763 327 3812 Erl.
349 3763 400 3814 Gu.
420 3762 446 3811 3.
469 3787 497 3799 -
531 3762 574 3813 so.
595 3762 744 3824 exspectari
764 3759 815 3809 Ἧι.
838 3760 911 3809 Eine.
930 3761 1007 3811 Mon.
1028 3760 1066 3820 R,
1086 3760 1175 3813 Peter.
1196 3757 1360 3822 (exspectare
1377 3767 1426 3811 ant
1444 3776 1491 3810 cn·

164 3837 221 3886 dire
239 3834 290 3886 Gu.
311 3833 348 3893 2.)
366 3858 396 3870 -
429 3833 473 3880 33.
492 3831 580 3895 Neque
597 3831 649 3880 Ἧι.
676 3857 710 3866 -
738 3830 780 3880 23.
802 3837 896 3892 spectet
915 3843 974 3880 eum
994 3830 1066 3880 libris
1086 3833 1154 3881 notis
1173 3831 1211 3880 R:
1237 3837 1337 3893 spectat
1357 3843 1418 3880 cum
1437 3831 1492 3881 bls-

165 3908 240 3956 natio
260 3907 290 3956 ll.
311 3929 341 3940 -
362 3902 407 3952 33.
426 3903 571 3951 nouissimo
588 3902 641 3951 Ἧι.
662 3903 734 3952 litos.
755 3901 801 3951 llr.
821 3901 896 3952 Mon.
918 3903 949 3952 tt.
978 3900 1024 3963 (Ut
1043 3913 1109 3960 nos,
1130 3901 1214 3951 Codd.
1235 3902 1396 3962 interpolati.
1437 3902 1489 3952 Cir.

165 3973 465 4034 adFem.³,10,8:
494 3973 530 4023 od
547 3973 692 4023 nocendum
718 3970 898 4032 levisnmnm.)
927 3998 955 4008 -
985 3973 1030 4022 37.
1055 3985 1147 4021 ceram
1164 3978 1251 4021 tamen
1268 3974 1297 4022 iss
1316 3974 1375 4022 Ἧι.
1397 3973 1490 4034 Stepb.

165 4047 218 4097 Eri.
241 4047 291 4097 Gu-
312 4045 358 4103 3.,
387 4058 477 4095 verum
495 4049 551 4092 tam
568 4046 597 4093 in
616 4044 687 4093 litus.
719 4068 750 4078 —
783 4044 827 4094 30.
854 4042 1060 4103 imprudentiam
1089 4043 1139 4093 Ἧι.
1162 4044 1232 4093 Εῖιιε.
1254 4043 1313 4094 Vct.
1343 4044 1438 4105 Stepb.
1459 4045 1490 4104 li,

166 4117 260 4178 Peter,
291 4115 396 4169 Goeller
421 4114 652 4177 improvidentiam
670 4112 721 4164 Gn.
741 4114 768 4165 3.
807 4113 859 4163 Sed
887 4113 1060 4163 verecundiae
1079 4117 1177 4165 rectius
1197 4113 1301 4166 videtur
1326 4121 1427 4177 opponi
1446 4117 1493 4166 im·

164 4189 304 4251 pudentia.
