3232 5392
168 210 232 279 m
691 198 746 271 bs
768 200 956 273 06676611

167 382 206 438 ac
222 369 351 439 nomine
372 362 543 443 excellant,
582 362 646 454 [da]
675 364 826 452 cuiusque
853 365 916 432 vita
936 372 1030 455 atquo
1051 370 1172 435 natura.
1217 369 1269 434 ot.
1303 368 1483 439 Verborum

167 472 273 534 eutem
304 467 386 533 ratio
418 473 451 531 et
480 482 578 548 genus
608 460 759 529 emtionis
784 460 889 527 166666
916 470 1010 550 atque
1037 470 1171 530 tractum
1199 468 1330 530 616666
1357 464 1484 533 leniiate

169 563 305 647 quadm
330 557 489 646 aequabili
514 558 674 644 profluens
702 557 770 622 siue
789 559 848 621 bac
868 555 1008 624 iudiciali
1029 557 1196 644 asperitate
1218 565 1249 626 et
1269 558 1338 625 siue
1359 566 1484 629 senten·

168 658 284 725 uunn
311 653 491 722 forensibus
523 651 639 718 aculeis
666 649 918 739 persequendum
945 661 1002 720 est
1045 655 1165 719 Harum
1194 659 1241 719 tot
1268 658 1489 745 tantarumque

145 752 275 818 trorum
306 749 459 818 videtisne
490 746 554 815 ulla
585 748 663 813 esse
681 753 868 834 praecepta,
903 752 992 836 qnae'
1011 747 1044 815 in
1072 745 1191 815 artibus
1211 751 1374 817 rhetorum
1395 761 1490 838 'repe-

166 848 311 915 riantur?

250 942 287 1009 ln
308 938 420 1007 eodem
441 936 564 1005 silentio
585 932 684 1004 multa
704 936 764 1004 alia
786 942 948 1004 oratorum
969 934 1073 1004 officia
1092 939 1272 1017 iacuerunt,
1296 940 1489 1008 cohortatio·

166 1056 242 1114 nes,
276 1033 524 1111 consolationes,
558 1041 745 1117 praccepta,
777 1031 953 1111 admonitu
993 1052 1073 1119 quae
1101 1036 1261 1117 66616666
1289 1042 1362 1101 sunt
1384 1034 1488 1103 omnia

166 1129 389 1207 disertissime,
411 1131 469 1195 sed
489 1129 595 1195 locum
616 1144 707 1193 suum
728 1126 762 1192 in
784 1125 832 1193 bis
853 1125 987 1204 artibus,
1012 1147 1093 1214 quae
1109 1122 1244 1193 ’16661166
1258 1135 1347 1207 6661,
1370 1128 1488 1197 babent

128 1226 297 1294 ω6611616.
341 1227 393 1291 65.
427 1226 529 1309 Atque
557 1221 591 1288 iu
612 1220 674 1288 boc
696 1240 813 1306 genere
834 1221 889 1286 illa
910 1241 1038 1310 qnoque
1060 1230 1107 1288 eal
1129 1221 1247 1288 infinita
1268 1221 1364 1300 silva,
1402 1228 1486 1312 qnod

165 1325 283 1388 6161661
304 1318 446 1407 plerique
481 1316 526 1402 (ut
550 1316 642 1383 etium
672 1317 802 1382 Crassus
830 1315 975 1400 ostendit)
1006 1319 1068 1382 duo
1098 1336 1217 1403 genera
1248 1314 1287 1382 ad
1318 1316 1486 1385 dicendum

165 1413 340 1482 delessent:
363 1432 461 1479 unum
475 1415 515 1478 de
530 1419 613 1477 certa
628 1408 818 1497 definitaque
833 1431 945 1487 causa,
969 1409 1076 1498 quales
1091 1419 1184 1487 sunt,
1207 1430 1287 1498 quae
1308 1410 1341 1478 in
1365 1412 1485 1490 litibus,

165 1528 247 1596 quae
267 1508 301 1575 in
321 1500 600 1574 deliberationibus
621 1513 803 1584 versuntnr3
835 1503 945 1582 addat,
976 1504 1002 1570 si
1032 1506 1086 1591 qui
1116 1504 1221 1583 volet,
1253 1505 1348 1571 611666
1379 1505 1487 1573 lauda-

164 1605 286 1671 tiones:
320 1602 474 1678 alterum,
497 1601 581 1687 quod
604 1598 760 1686 appellant
780 1619 890 1665 omnes
911 1601 979 1665 iere
1001 1599 1188 1686 scriptores,
1220 1598 1358 1687 explicat
1378 1620 1483 1679 nemo,

127 1694 316 1767 ¹⁵infinitam
339 1697 463 1781 generis
485 1695 551 1759 sine
572 1701 717 1776 tempore
739 1700 771 1758 et
792 1693 860 1758 sine
881 1713 1017 1779 persona
1039 1695 1264 1781 quaestionem.
1318 1694 1389 1760 Hoc
1410 1694 1485 1782 quid

164 1803 197 1860 et
217 1800 367 1878 quantum
389 1791 451 1867 ait,
475 1807 546 1854 cum
568 1787 691 1863 dicunt,
712 1786 887 1873 intelligere
902 1788 979 1854 mibi
992 1809 1057 1853 non
1070 1786 1227 1853 sidentur.
1273 1786 1326 1853 66.
1351 1788 1385 1854 Si
1400 1788 1484 1856 enim

164 1895 211 1954 est
232 1884 405 1960 orationis,
443 1895 649 1969 quaecunque
670 1902 723 1947 res
750 1878 869 1948 inbuite
897 1885 997 1970 posita
1025 1884 1080 1957 sit,
1120 1880 1160 1947 de
1186 1901 1223 1947 ea
1250 1902 1345 1967 posse
1366 1883 1484 1961 dicere,

164 1979 329 2048 dicendum
353 1977 412 2044 erit
433 1976 480 2054 ei,
515 1985 630 2064 quanta
655 1976 696 2041 ait
724 1975 799 2043 solis
827 1975 1024 2062 magnitudo,
1056 1996 1137 2064 quae
1158 1976 1259 2042 forma
1289 1984 1415 2057 terrae;
1445 1979 1485 2043 de

164 2072 407 2150 mathematicis,
447 2075 487 2138 de
515 2070 641 2138 66661616
668 2073 763 2138 rebus
791 2091 854 2138 non
883 2070 1013 2159 poterit,
1050 2069 1127 2157 quin
1156 2070 1257 2147 dicat,
1294 2072 1356 2136 boc
1386 2091 1485 2137 onere

126 2176 309 2256 ”suscepto
329 2184 488 2234 recusam.
530 2168 674 2252 Denique
695 2165 743 2242 ei,
772 2165 827 2252 qui
846 2163 1010 2253 prolitetur
1031 2184 1101 2231 asae
1121 2186 1211 2230 snum
1234 2184 1298 2244 uoq
1321 2164 1422 2231 solnm
1445 2168 1485 2231 da

163 2263 214 2331 eis'
230 2259 466 2337 manaveraiis,
491 2280 572 2347 quae
593 2257 789 2347 temporibus
811 2268 843 2325 et
862 2259 1005 2347 personis
1026 2268 1151 2326 6616166
1171 2268 1260 2338 6661,
1283 2257 1344 2324 boc
1358 2267 1423 2337 est,
1445 2258 1486 2326 de

163 2355 309 2424 omuibus
329 2350 521 2429 forensibus,
544 2353 712 2419 sedetiam
736 2351 776 2420 66
797 2372 948 2440 genemm
971 2351 1099 2420 infinitis
1113 2353 1348 2440 quaestionibus
1363 2353 1483 2435 616666,

162 2451 282 2519 nullum
304 2457 498 2538 potestesse
520 2468 617 2533 genus
640 2450 788 2525 oratoris,
811 2446 895 2534 quod
917 2447 958 2514 sit
972 2456 1149 2535 exceptum.
1195 2450 1277 2516 xvl.
1299 2450 1350 2515 67.
1373 2450 1437 2515 Sed
1457 2452 1485 2516 si

163 2544 248 2612 illam
275 2560 401 2631 quoque
427 2549 548 2630 partem
577 2543 795 2628 quaestionum
816 2544 936 2608 oratori
957 2545 1101 2610 volumus
1122 2541 1297 2629 adiungere
1317 2562 1430 2630 ragam
1452 2552 1485 2612 61

124 2637 293 2707 ”liberam
314 2647 346 2704 et
365 2641 428 2704 lata
448 2643 622 2724 patentem,
655 2643 691 2701 ut
711 2633 751 2701 66
771 2639 867 2702 rebus
888 2635 979 2704 banis
1000 2641 1054 2704 aut
1075 2637 1181 2714 muts,
1216 2639 1403 2724 expetendis
1432 2647 1487 2706 aut

161 2730 335 2819 fugiendis,
365 2731 505 2798 honestis
527 2738 581 2796 aut
601 2731 762 2818 turpibus,
795 2729 924 2798 utilibus
944 2739 999 2799 aut
1018 2730 1197 2809 inutilibus,
1224 2731 1264 2799 de
1284 2735 1421 2811 viante,
1445 2733 1485 2800 de

161 2826 298 2904 iustitia,
321 2829 360 2893 de
381 2826 585 2901 continentia,
607 2822 850 2910 dependentia,
871 2829 911 2892 66
932 2824 1144 2912 magnitudine
1164 2826 1279 2904 animi,
1303 2828 1343 2894 de
1364 2827 1481 2894 libera·

161 2924 266 2999 litate,
289 2918 328 2986 de
349 2920 482 3007 pietate,
506 2923 546 2985 dc
568 2917 716 2996 amicitia,
737 2917 779 2984 de
798 2921 878 2995 lide,
901 2918 941 2986 de
963 2918 1087 2998 officio,
1118 2919 1157 2987 de
1178 2920 1290 2987 ceteris
1310 2922 1479 2989 vinalibus

162 3015 390 3101 contrariisque
417 3013 500 3079 vitiis
532 3012 698 3079 dicendum
727 3017 845 3080 oratori
866 3020 1028 3102 putemus3
1062 3012 1200 3103 itemque
1221 3014 1261 3082 de
1281 3030 1318 3082 re
1339 3018 1479 3099 publica,

125 3110 201 3178 ude
222 3110 372 3198 imperio,
395 3108 435 3175 de
455 3127 491 3173 re
512 3106 655 3185 militari,
679 3105 718 3173 de
740 3107 902 3196 disciplina
915 3110 1064 3185 61611666,
1087 3109 1126 3177 66
1140 3110 1303 3178 bominum
1318 3108 1479 3176 moribus:

161 3224 356 3271 assumamus
378 3223 447 3269 eam
468 3221 595 3290 quoque
616 3211 760 3287 partam,
795 3206 850 3268 666
879 3206 938 3281 ita,
970 3213 1007 3272 ut
1034 3205 1074 3271 sit
1094 3205 1329 3293 circumscripta
1349 3204 1480 3283 modieis

162 3297 354 3384 regionibus.
390 3299 442 3363 68.
464 3295 618 3384 Equidem
634 3296 755 3374 omnia,
779 3319 859 3384 quae
873 3297 1029 3384 pertinent
1043 3304 1081 3367 ad
1095 3321 1188 3367 usum
1203 3300 1335 3375 civium,
1358 3319 1481 3366 morem

161 3394 339 3468 bominum,
362 3413 443 3480 quae
465 3401 628 3458 versantur
647 3391 681 3457 iu
703 3391 928 3459 cousuetudine
949 3394 1050 3471 vitae,
1075 3394 1107 3460 in
1128 3394 1248 3461 ratione
1261 3394 1309 3461 rei
1323 3392 1478 3481 publicae,

161 3489 194 3552 iu
215 3489 274 3552 bac
295 3485 443 3552 societate
464 3485 561 3563 civili,
583 3485 616 3551 in
639 3506 734 3552 sensu
753 3486 915 3553 bominum
929 3489 1104 3564 communi,
1127 3489 1159 3555 in
1181 3498 1310 3567 natura,
1332 3488 1367 3555 in
1381 3491 1479 3555 mori-

125 3584 239 3658 661666,
261 3579 553 3668 comprehendenda
574 3601 643 3647 esse
664 3583 784 3646 oratori
806 3591 901 3668 puto;
935 3583 961 3647 si
984 3586 1102 3660 minus,
1125 3592 1159 3650 nt
1180 3586 1349 3669 separatim
1371 3581 1411 3649 de
1433 3582 1481 3649 bis

162 3674 257 3744 rebus
278 3677 536 3763 pbilosophorum
558 3696 647 3741 more
669 3679 880 3761 respondeat3
910 3685 941 3742 at
961 3687 1062 3752 certe,
1085 3677 1172 3743 utin
1194 3698 1287 3744 causa
1307 3680 1479 3764 prudenter

162 3771 261 3860 possit
281 3771 438 3836 intexere:
462 3767 547 3835 bisce
569 3777 674 3837 autem
694 3768 772 3854 ipsis
793 3767 948 3838 derebus
969 3779 1005 3839 ut
1026 3772 1067 3837 ita
1087 3773 1250 3859 loquatur,
1284 3780 1318 3839 ut
1341 3771 1390 3848 ei,
1424 3773 1478 3860 qui

161 3867 245 3941 iura,
279 3865 333 3950 qui
353 3864 455 3949 leges,
488 3866 542 3950 qui
564 3863 704 3931 civitates
726 3864 966 3943 constituerunt,
1001 3864 1098 3933 locuti
1119 3875 1207 3945 sunt,
1241 3866 1427 3952 simpliciter
1450 3875 1480 3932 et

231 4091 258 4140 1.
279 4086 390 4138 66661161
407 4087 440 4138 tt.
472 4111 503 4123 -
535 4086 567 4136 66
592 4086 702 4139 Pearclo
722 4093 829 4139 auctore
848 4087 958 4139 reclusit
976 4087 1096 4146 Ellendt,
1125 4100 1204 4151 quem
1223 4090 1306 4141 secuti
1324 4100 1427 4139 sumus.
1448 4113 1482 4125 —

161 4163 358 4224 autumatque
377 4157 487 4209 61166.
507 4182 538 4194 -
558 4158 584 4207 2.
606 4158 711 4209 16611616
729 4157 761 4208 B.
782 4184 811 4195 -
832 4157 858 4207 6.
878 4157 1051 4224 aequabiliter
1068 4159 1100 4210 B.
1124 4183 1150 4195 -
1171 4161 1298 4210 sententia
1317 4156 1374 4221 (alc)
1393 4159 1429 4210 li.
1450 4184 1479 4195 -

161 4232 189 4283 6.
207 4228 354 4292 1666661666
371 4227 455 4279 suu:
475 4227 617 4291 1666661666
636 4228 666 4279 ll.
685 4253 718 4263 -
735 4229 942 4293 prosequendam
959 4228 1038 4278 11.-
1057 4229 1083 4281 5.
1103 4227 1170 4295 utta]
1190 4230 1266 4281 nulla
1285 4230 1338 4281 111.
1359 4228 1404 4291 (61
1421 4241 1481 4290 nos,

161 4297 206 4362 lt.)
234 4326 263 4337 -
290 4300 317 4350 7.
338 4305 479 4350 tacuerant
497 4299 529 4348 R.
552 4325 581 4336 -
610 4300 820 4358 cohortationes,
837 4306 998 4363 praecepta,
1017 4302 1223 4358 cumulationes,
1242 4301 1378 4351 admonita
1396 4297 1427 4349 Δ.
1449 4326 1479 4336 -

161 4372 188 4429 6.
202 4371 242 4421 bie
254 4370 274 4419 li
288 4371 402 4432 alitque:
423 4369 475 4420 illis
486 4370 542 4420 1111.
557 4365 606 4435 (De
620 4370 641 4418 Α
655 4383 708 4420 666
721 4366 826 4432 llquet.)
838 4393 869 4406 -
884 4371 926 4420 11.
942 4376 1062 4422 oratores
1073 4372 1127 4422 ΑΒ.
1145 4395 1172 4407 -
1187 4372 1231 4422 16.
1245 4371 1338 4437 quib:
1357 4369 1480 4434 quirilli.

163 4467 193 4481 -
208 4441 372 4492 laudationis
389 4441 422 4492 li.
439 4467 468 4478 -
489 4440 530 4490 17.
551 4455 665 4505 quaeque
681 4441 760 4492 11.-
779 4436 823 4502 uit]
843 4441 888 4492 666
906 4440 961 4491 AB.
985 4463 1012 4475 -
1033 4440 1076 4493 18.
1089 4436 1131 4506 Ιοἱ]
1151 4446 1175 4493 61
1191 4442 1247 4492 ΑΒ.
1263 4468 1293 4480 -
1311 4437 1479 4507 magnitudo]

27 4532 33 4545 ²
158 4511 298 4578 plenitudo
317 4510 368 4561 Gn.
387 4511 413 4562 6.
434 4511 465 4560 li.
495 4508 543 4574 (Ex
562 4513 583 4561 Α
602 4510 667 4561 61611
685 4517 804 4563 notatum
824 4508 884 4572 eet.)
910 4535 941 4547 -
972 4511 1015 4562 16.
1043 4512 1108 4577 quid
1126 4514 1180 4563 Ali·
1216 4538 1243 4550 -
1277 4510 1364 4576 66616]
1390 4522 1481 4575 genera

161 4582 241 4634 1611.
263 4607 290 4618 -
310 4583 354 4632 16.
373 4578 407 4644 ei]
425 4581 465 4632 leia
482 4583 516 4633 li.
537 4608 567 4619 -
586 4583 630 4631 21.
650 4584 687 4632 eia
705 4581 789 4633 Cadd.
809 4581 864 4632 ab:
883 4582 922 4631 aa
940 4581 983 4643 11,
1003 4583 1036 4631 iia
1054 4583 1084 4633 li.
1106 4608 1137 4620 -
1167 4591 1247 4635 notas
1264 4582 1343 4634 1166.
1375 4582 1482 4644 (limeu-

162 4654 234 4706 daett
250 4651 409 4712 Manutius.)
435 4678 468 4688 -
500 4652 543 4703 66.
569 4652 689 4702 colamus
707 4648 861 4717 adiungere]
880 4652 1050 4718 adiungimus
1068 4654 1088 4703 lt
1108 4660 1134 4706 et
1151 4655 1216 4717 6111,
1242 4668 1295 4705 666
1314 4651 1479 4716 improbante

119 4752 131 4765 ι
161 4722 306 4776 llllcndtlo.
343 4721 855 4783 86661666·661161661,16Α661;
884 4723 1005 4773 columae
1023 4724 1201 4790 adiuaqimus.
1227 4748 1258 4761 -
1285 4723 1328 4774 29.
1354 4729 1482 4786 pacemne

161 4793 242 4845 Alis.
263 4819 292 4830 -
312 4792 431 4855 idemque
449 4792 501 4843 Gn.
521 4793 547 4843 6.
568 4798 595 4845 et
611 4793 735 4844 61166661
754 4805 860 4856 operae.
879 4817 914 4829 -
931 4792 976 4844 66.
995 4793 1182 4846 6666161616.
1206 4817 1233 4829 -
1260 4791 1305 4844 66.
1324 4794 1481 4857 6666666661

158 4862 372 4931 plttomptorum
387 4875 459 4917 more
476 4865 510 4916 u.
531 4888 560 4901 -
580 4863 625 4916 67.
644 4863 669 4917 et
687 4862 771 4916 Codd.
791 4864 843 4917 ale
862 4859 965 4931 11616)
983 4860 1039 4915 1111.
