3216 5400
163 230 225 295 tao
665 230 718 294 ou
745 228 992 292 INVENTIONE

146 404 232 454 ‚mus
253 394 286 450 et
306 407 373 452 rem
394 384 499 452 verbis
520 407 612 472 quam
636 389 769 451 maxime
791 395 864 451 ante
887 386 994 451 oculos
1016 387 1101 460 eins,
1136 387 1219 472 apud
1241 404 1336 470 quem
1359 384 1488 463 dicitur,

160 482 326 566 ponimus,
349 491 384 546 ut
405 483 454 556 id,
479 480 564 567 quod
584 480 747 564 indignum
771 489 836 556 est,
862 482 991 566 perinde
1013 480 1058 544 illi
1081 481 1225 544 videatur
1246 480 1427 564 indignum,
1452 503 1489 546 ae

161 575 189 639 si
209 575 276 659 ipsc
298 573 473 640 interfuerit
493 596 529 638 ac
551 595 700 660 praesens
722 578 846 641 viderit.
902 574 1089 639 Undecimus
1111 574 1198 639 locus
1220 582 1288 648 est,
1311 594 1369 660 per
1392 595 1488 660 quem

161 669 356 733 ostendimus
379 671 418 732 ab
441 689 480 734 eo
502 669 640 743 iactum,
676 689 780 754 aquo
802 672 930 734 minime
952 669 1130 755 oportuerit
1153 677 1184 733 et
1206 688 1225 733 a
1247 690 1326 755 quo,
1359 667 1385 732 si
1408 672 1489 734 alius

138 761 296 835 eluceret,
319 762 478 848 prohiberi
493 765 686 832 conveniret,
729 763 938 827 Duodecimus
960 762 1048 827 locus
1070 770 1138 838 est,
1162 782 1221 848 per
1236 782 1330 849 quem
1344 762 1490 847 indigna·

160 874 250 932 mur,
272 860 356 942 quod
379 856 470 922 nobis
491 861 551 922 boc
572 859 682 942 primis
703 859 851 920 acciderit
872 878 975 942 neque
997 855 1089 920 alicui
1112 875 1250 942 unquam
1273 876 1332 922 usu
1348 856 1483 922 venerit.

119 1003 124 1019 .
161 951 232 1014 105.
254 952 375 1015 Tertius
404 950 544 1016 decimus
574 953 662 1016 locus
690 962 753 1025 est,
788 951 814 1016 si
842 972 913 1015 cum
943 950 1057 1014 iniuria
1080 952 1271 1015 contumelia
1303 950 1409 1015 iuncta
1432 956 1488 1016 de·

158 1051 363 1117 monstratur,
396 1065 455 1130 per
483 1064 577 1132 quem
604 1047 709 1109 locum
739 1044 771 1108 in
794 1042 972 1129 superbiam
994 1054 1026 1109 et
1047 1046 1257 1128 arrogantiam
1280 1043 1388 1109 odium
1411 1065 1489 1110 con·

158 1135 282 1202 citatur.
339 1140 476 1215 Quartus
509 1138 650 1203 decimus
684 1138 771 1204 locus
800 1147 863 1213 est,
898 1157 958 1222 per
986 1156 1080 1223 quem
1105 1137 1242 1219 petimus
1270 1135 1309 1202 ab
1343 1138 1398 1212 iis,
1432 1139 1487 1224 qui

120 1252 149 1295 ss
158 1229 303 1304 audiunt,
325 1241 359 1295 ut
380 1236 418 1296 ad
441 1253 512 1297 suas
534 1253 585 1297 res
607 1241 729 1298 nostras
750 1231 879 1296 iniurias
895 1231 1053 1308 reserant;
1077 1232 1103 1294 si
1119 1234 1158 1295 ad
1173 1251 1290 1316 pueros
1305 1232 1485 1317 pertinebit,

158 1322 198 1391 de
220 1327 330 1389 liberis
351 1328 416 1391 suis
439 1326 599 1409 cogitent;
629 1325 655 1391 si
678 1325 716 1390 ad
739 1325 907 1402 mulieres,
931 1326 971 1391 de
992 1324 1166 1404 uxoribus,
1201 1329 1228 1392 si
1250 1327 1290 1391 ad
1312 1350 1421 1404 senes,
1446 1332 1486 1393 de

156 1421 299 1502 patribus
320 1428 373 1484 aut
394 1423 588 1506 parentibus.
633 1419 767 1497 Quintus
789 1419 929 1484 decimus
951 1419 1038 1485 locus
1061 1429 1123 1493 est,
1147 1439 1205 1505 per
1227 1441 1321 1506 quem
1336 1424 1482 1497 dicimus,

156 1511 293 1577 inimicis
313 1532 440 1600 qnoque
462 1523 493 1578 et
514 1516 668 1578 hostibus.
685 1535 738 1589 ea,
773 1533 854 1594 quae
881 1512 972 1578 nobis
1001 1512 1194 1589 acciderint,
1229 1514 1360 1599 indigna
1381 1516 1484 1582 videri

158 1607 273 1672 solere.
316 1612 354 1673 Et
375 1607 546 1692 indignatio
568 1609 695 1694 quidem
717 1610 766 1671 bis
788 1606 856 1671 lere
878 1606 917 1672 dc
939 1607 1016 1672 locis
1038 1609 1222 1692 gravissime
1243 1619 1394 1676 sumetur.

119 1720 147 1763 ss
241 1705 305 1767 LV.
340 1705 410 1766 106.
447 1703 688 1788 conquestionis
717 1710 820 1766 antem
850 1700 1030 1766 huiusmodi
1058 1700 1098 1766 de
1126 1704 1220 1766 rebus
1246 1712 1353 1788 partes
1374 1713 1482 1790 petere

156 1793 327 1878 oportebit.
373 1797 564 1882 Conquestio
587 1803 634 1859 est
654 1794 753 1858 oratio
776 1794 953 1860 auditorum
976 1797 1223 1859 misericordiam
1252 1806 1391 1883 captans.
1447 1801 1483 1864 ln

156 1886 216 1954 boo
237 1887 372 1974 primum
394 1892 531 1955 animum
555 1890 707 1954 auditoris
730 1891 837 1953 mitem
860 1900 891 1954 et
913 1888 1149 1954 misericordem
1172 1888 1327 1956 conficere
1342 1901 1481 1978 oportet,

156 2000 222 2068 quo
249 1981 370 2047 facilius
399 1987 625 2070 conquestione
655 1982 848 2049 commoveri
871 1987 978 2067 possit.
1021 1988 1056 2049 ld
1078 1983 1156 2049 locis
1178 1985 1395 2052 communibus
1416 1986 1484 2052 elli·

156 2098 231 2144 cere
253 2081 429 2163 oportebit,
463 2097 521 2162 per
549 2098 628 2163 quoa
655 2077 799 2142 fortunae
826 2078 873 2140 via
894 2075 926 2140 in
949 2098 1059 2142 ornnes
1081 2088 1112 2143 et
1133 2080 1296 2144 boinum
1318 2079 1483 2146 infirmitas

119 2172 359 2249 ”ostenditure
383 2173 611 2257 quaeratione
633 2170 738 2235 habits
760 2171 896 2255 graviter
918 2181 950 2236 et
971 2172 1183 2250 sententiose,
1213 2176 1350 2239 maxime
1373 2177 1485 2239 demit-

158 2265 234 2333 titur
255 2267 376 2330 animus
404 2266 569 2330 bominum
599 2264 690 2328 etad
712 2263 957 2330 misericordiam
980 2278 1195 2351 comparatur,
1231 2289 1301 2333 cum
1324 2271 1357 2333 iu
1378 2269 1483 2334 alieno

157 2359 240 2426 nolo
273 2381 361 2426 suam
394 2356 606 2423 infirmitatem
641 2357 862 2423 considerabit.
907 2364 978 2425 107.
1011 2361 1130 2426 Deinde
1163 2361 1281 2444 primus
1314 2362 1401 2427 locus
1433 2373 1483 2428 est

156 2452 408 2527 misericordiae,
440 2472 497 2537 ρετ
526 2473 634 2537 quem,
667 2454 781 2540 quibus
808 2452 841 2517 in
868 2453 960 2518 bonis
985 2455 1103 2519 luerint
1131 2464 1161 2518 et
1188 2477 1272 2519 nunc
1300 2454 1415 2542 quibus
1449 2458 1482 2521 in

156 2551 248 2615 malis
269 2554 348 2625 sint,
372 2550 557 2614 ostenditur.
602 2551 781 2620 Secundus,
803 2548 857 2635 qui
879 2549 909 2612 in
932 2557 1074 2635 tempora
1098 2547 1261 2625 tribuitur,
1289 2571 1348 2636 per
1369 2571 1477 2637 quem,

118 2643 271 2732 atquibus
301 2647 333 2707 in
355 2642 444 2707 malis
472 2640 589 2706 luerint
617 2651 649 2706 et
676 2641 738 2706 sint
768 2651 799 2705 et
825 2641 920 2706 luturi
942 2645 1022 2716 sint,
1057 2642 1296 2709 demonstratur.
1342 2645 1478 2720 Tertius,

155 2760 214 2828 ρετ
245 2760 338 2826 quem
366 2759 464 2802 unum
493 2735 640 2824 quodque
669 2738 851 2819 deploratur
880 2739 1129 2813 incommodum,
1163 2747 1199 2802 ut
1226 2741 1258 2803 in
1287 2749 1388 2804 morte
1409 2740 1480 2815 lilii,

155 2832 309 2921 pueritiae
331 2832 509 2902 delectatio,
536 2851 643 2905 amor,
667 2851 755 2916 spes,
777 2830 940 2907 solatium,
965 2833 1109 2896 educatio
1133 2840 1177 2907 et,
1200 2831 1227 2896 si
1248 2853 1309 2918 qua
1330 2833 1426 2898 simili
1448 2837 1481 2897 in

155 2948 273 3012 penore
295 2927 437 3012 quolibet
459 2928 498 2989 ds
520 2923 720 2989 incommodo
742 2945 799 3010 per
820 2928 1076 3010 conquestionem
1099 2924 1160 2990 dici
1175 2935 1332 3012 poterunt.
1379 2930 1481 3005 Quar-

155 3029 224 3097 tus,
257 3040 316 3106 per
342 3041 436 3106 quem
465 3040 518 3084 res
544 3029 650 3105 turpes
680 3027 711 3082 ct
739 3017 874 3082 humiles
905 3030 936 3084 et
963 3019 1136 3085 illiberales
1158 3021 1360 3106 proferentur
1381 3031 1413 3087 et
1433 3025 1481 3086 in-

119 3113 268 3200 mdignae
291 3123 409 3190 aetate,
439 3135 574 3198 genere,
602 3115 745 3188 fortuna,
768 3112 900 3196 pristino
922 3117 1059 3189 bonore,
1083 3112 1265 3194 beneficiis;
1296 3137 1373 3204 quas
1396 3116 1480 3200 passi

155 3208 375 3297 perpessurive
403 3207 474 3273 sint.
531 3211 683 3287 Quintus,
718 3228 776 3294 per
803 3229 896 3295 quem
924 3208 1030 3274 omnia
1056 3218 1127 3274 ante
1156 3213 1265 3276 oculos
1297 3211 1479 3295 singillatim

154 3305 353 3369 incommoda
368 3312 541 3386 ponentur,
565 3312 600 3371 ut
614 3306 760 3368 videatur
774 3302 816 3376 is,
839 3305 893 3390 qui
908 3302 1010 3377 audit,
1033 3302 1141 3368 videre
1158 3313 1190 3368 et
1204 3328 1239 3370 re
1255 3325 1382 3391 quoqne
1397 3307 1477 3391 ipsa,

155 3399 245 3487 quasi
266 3397 363 3473 adsit,
387 3418 450 3462 non
472 3400 578 3463 verbis
600 3400 702 3463 solum
723 3399 763 3462 ad
784 3396 1032 3461 misericordiam
1055 3397 1195 3468 ducatur.
1241 3403 1313 3465 108.
1349 3404 1476 3472 Sextus,

153 3511 212 3579 por
232 3511 327 3578 quem
347 3500 472 3580 praeter
492 3513 579 3579 spem
601 3494 634 3556 in
651 3490 790 3570 miseriis
812 3495 1043 3556 demonstratur
1063 3514 1153 3572 esse;
1186 3502 1234 3569 et,
1265 3515 1335 3558 cum
1358 3492 1477 3579 aliquid

118 3594 369 3671 sserspectaret,
404 3608 467 3652 non
494 3590 590 3654 modo
618 3586 650 3651 id
678 3608 743 3653 non
770 3589 900 3670 adeptus
923 3607 1010 3661 esse,
1045 3586 1100 3650 sed
1122 3589 1155 3651 in
1176 3608 1314 3652 summas
1335 3587 1477 3650 miserias

154 3677 312 3746 incidisse.
356 3683 532 3764 Septimus,
567 3703 624 3768 per
645 3703 738 3769 quem
760 3680 800 3747 ad
821 3683 923 3763 ipsos,
961 3680 1016 3768 qui
1037 3681 1185 3757 audiunt,
1216 3682 1349 3747 similem
1371 3701 1477 3745 casum

155 3778 365 3842 convertimus
391 3785 422 3841 et
447 3777 599 3863 petimus,
633 3789 668 3842 nt
695 3780 735 3842 de
762 3778 826 3842 suis
853 3774 961 3840 liberis
987 3784 1040 3839 aut
1065 3773 1246 3861 parentibus
1274 3785 1329 3840 aut
1355 3775 1475 3860 aliquo,

154 3873 209 3960 qui
236 3871 298 3937 illis
320 3893 412 3937 carus
434 3871 548 3937 debeat
577 3893 664 3949 esse,
698 3893 757 3938 nos
785 3890 856 3935 cum
884 3872 1027 3945 videant,
1065 3872 1279 3934 recordentur.
1326 3871 1475 3943 Octavus,

152 3986 213 4054 per
244 3989 337 4055 quem
366 3970 485 4055 aliquid
513 3969 626 4033 dicitur
654 3988 722 4032 esse
743 3965 877 4040 iactum,
914 3966 1000 4049 quod
1022 3986 1086 4028 nnn
1109 3966 1300 4049 oportuerit,
1337 3971 1476 4028 autnon

116 4062 287 4139 minctum,
310 4065 395 4149 quod
417 4064 605 4148 oportuerit,
628 4061 687 4127 boc
709 4062 823 4125 modo:
858 4061 929 4122 Non
951 4057 1042 4133 allui,
1066 4078 1130 4122 non
1152 4057 1233 4132 vidi,
1266 4079 1331 4121 non
1353 4065 1475 4143 postre-

154 4177 237 4223 mam
267 4156 334 4222 eius
356 4177 466 4222 vocem
488 4155 608 4232 audivi,
644 4177 708 4219 non
737 4165 911 4219 extremum
939 4151 1082 4238 spiritum
1110 4154 1177 4216 eius
1205 4151 1328 4235 excepi.
1374 4154 1472 4215 Item:

154 4251 357 4317 Inimieorum
379 4250 575 4315 inmanibus
598 4257 739 4314 mortuus
761 4258 825 4324 est,
860 4246 966 4310 hostili
996 4246 1031 4310 in
1054 4254 1139 4310 terra
1159 4247 1293 4332 turpiter
1315 4245 1409 4310 iacuit
1429 4246 1477 4309 in·

154 4345 312 4431 sepultus,
337 4346 451 4410 aseris
472 4344 525 4409 din
547 4352 694 4418 vexatus,
717 4339 876 4406 communi
898 4361 1025 4426 qnoque
1046 4344 1167 4406 honore
1188 4340 1221 4406 in
1243 4350 1344 4407 morte
1366 4344 1474 4406 caruit.

156 4439 226 4504 109.
248 4442 372 4514 Nonus,
405 4459 464 4522 per
493 4461 587 4524 quem
615 4436 717 4502 oratio
741 4438 780 4500 ad
802 4442 902 4499 mutas
924 4444 955 4500 et
977 4445 1124 4518 expertes
1145 4435 1243 4501 animi
1264 4455 1316 4500 res
1337 4433 1475 4500 refertur

222 4595 249 4647 3.
269 4595 312 4662 ac]
332 4603 355 4649 st
373 4598 454 4649 ΛΒΤ.
476 4623 507 4634 -
525 4597 551 4648 0.
570 4609 652 4659 περιτο
671 4595 781 4646 ΡΑΒΤε
809 4609 854 4646 nee
882 4595 911 4645 E.
938 4621 968 4633 -
996 4597 1095 4646 uenerit
1112 4595 1224 4646 usur:
1253 4597 1365 4647 evenerit
1389 4596 1420 4646 u.
1442 4614 1473 4632 -·

153 4665 198 4719 30.
216 4668 384 4719 distribuitur
401 4670 457 4720 AT·
479 4693 509 4705 -
528 4668 572 4719 00.
592 4667 704 4732 indique
721 4666 777 4717 ΔΤ.
800 4691 829 4703 -
849 4666 892 4716 30.
914 4679 980 4730 quas
997 4665 1099 4716 PART·
1119 4690 1150 4703 -
1170 4666 1213 4715 31.
1234 4667 1345 4730 Quintus
1363 4665 1471 4717 vanus

154 4738 268 4802 Quintus
287 4745 323 4788 est
336 4740 368 4791 u.
387 4765 420 4778 -
438 4739 590 4805 siaprslotim
608 4740 640 4788 T.
662 4761 693 4773 -
712 4736 756 4788 32.
773 4743 911 4801 pensentur
929 4736 1029 4787 vanu.
1053 4762 1083 4774 -
1103 4736 1147 4788 35.
1168 4737 1292 4799 adeptum
1303 4737 1394 4787 PART
1413 4748 1474 4787 curu

155 4811 249 4860 asteris
266 4813 345 4861 uotis.
383 4810 500 4862 Correxit
517 4811 671 4861 bumbtnus.
692 4833 724 4846 -
754 4808 798 4859 tl.
817 4822 905 4859 uorem
922 4810 976 4860 sius
992 4808 1070 4860 ΡΑΤ.
1090 4833 1123 4848 -
1147 4809 1272 4872 spiritum
1290 4811 1343 4859 rius
1360 4806 1473 4864 Pauus

154 4880 211 4936 rtur
225 4879 350 4945 spiritum
367 4881 408 4940 ll,
427 4882 481 4933 sius
498 4894 551 4935 ona.
572 4880 657 4935 Onon.
677 4891 765 4942 unus,
783 4879 876 4932 bamb.
