3232 5392
158 223 225 291 223
682 219 736 284 ΒΕ
759 217 947 286 outtontt

160 381 217 470 qni
236 379 412 448 consultum
433 383 572 456 veniant,
600 377 797 446 multitudine
820 400 889 446 esse
911 381 1112 466 ponendum,
1141 381 1197 446 sed
1223 384 1381 468 umquam
1409 401 1487 469 per-

160 485 226 542 tum
247 475 384 563 aliquem
405 484 585 561 exspectem
607 474 718 552 istam,
741 496 834 562 quam
856 483 891 540 tu
911 475 1021 552 times,
1045 474 1258 542 solitudinem.
1300 477 1487 543 Subsidium

161 572 246 639 enim
267 569 473 635 bellissimum
494 567 639 633 existimo
661 589 731 634 esse
752 568 904 635 senectuti
925 569 1037 636 otium.

245 667 319 731 256.
357 666 488 750 Reliqua
516 684 594 729 vero
616 664 738 729 etiamsi
759 663 925 740 adiuvant,
954 662 1118 729 historiam
1139 664 1211 729 dico
1234 673 1268 732 et
1286 665 1489 750 prudentiam

140 758 240 826 tiaris
268 755 389 845 publici
419 765 452 823 et
477 756 668 846 antiquitatis
698 758 721 840 †
743 759 805 823 iter
832 765 864 822 et
888 757 1104 844 exemplorum
1133 761 1271 847 copiam,
1304 760 1331 826 si
1358 764 1486 846 quaudo

161 873 243 938 opus
264 852 340 927 erit,
371 851 482 919 avire
504 850 623 937 optimo
646 860 679 917 et
709 851 777 917 istis
807 854 903 917 rebus
930 852 1190 929 instructissimo,
1226 855 1372 920 familiari
1401 875 1486 934 meo,

160 948 305 1033 Longino
323 951 502 1015 mutuabor.
529 950 638 1033 Neque
652 950 855 1035 repugnabo,
879 949 1061 1035 quominus
1077 946 1119 1032 (id
1134 951 1220 1035 quod
1234 947 1328 1014 modo
1342 952 1488 1016 hortatus

162 1041 207 1129 es)
229 1045 335 1108 omnia
355 1041 476 1127 legant,
498 1042 604 1108 omnia
626 1041 769 1118 audiant,
791 1042 823 1108 in
846 1044 933 1109 omni
954 1050 1041 1108 recto
1063 1042 1167 1107 studio
1182 1051 1275 1129 etque
1293 1046 1487 1111 humanitate

160 1145 344 1216 ramentum
381 1136 438 1202 sed
463 1137 645 1201 mehercule
664 1157 729 1202 non
753 1139 796 1203 ita
820 1135 951 1202 multum
974 1137 1066 1222 spatii
1088 1135 1166 1201 mihi
1191 1134 1308 1203 habere
1327 1139 1486 1217 videntur,

123 1233 189 1298 usi
220 1234 316 1298 modo
344 1252 383 1298 ea
403 1233 508 1297 facere
530 1239 562 1296 et
586 1230 736 1316 persequi
759 1232 888 1307 volent,
922 1252 1001 1319 quae
1023 1251 1042 1297 a
1067 1240 1117 1308 te,
1153 1233 1284 1306 Crasse,
1318 1242 1487 1321 praecepta

162 1333 249 1404 suut;
286 1325 341 1412 qui
363 1324 442 1391 mihi
465 1344 565 1412 prope
586 1327 679 1390 etiam
701 1328 794 1391 nimis
816 1328 911 1391 duras
937 1325 1025 1411 leges
1046 1324 1211 1410 imponere
1238 1325 1322 1392 visus
1351 1348 1385 1394 es
1413 1330 1488 1394 huic

162 1421 277 1496 aetati,
299 1423 355 1486 sed
377 1429 480 1485 tamen
502 1420 541 1483 ad
560 1421 606 1491 id,
629 1422 714 1503 quod
735 1419 882 1504 cupiunt,
904 1420 1141 1506 adipiscendum
1161 1440 1262 1507 prope
1284 1421 1486 1488 necessarias.

162 1518 236 1583 257.
259 1518 339 1580 Nam
360 1522 392 1579 et
414 1510 535 1580 subitae
555 1515 594 1578 ad
618 1515 796 1599 propositas
817 1535 926 1580 causas
949 1518 1193 1581 exercitationes
1212 1522 1245 1581 et
1267 1523 1429 1581 accuratae
1454 1523 1488 1580 et

163 1608 329 1676 meditatae
349 1610 629 1675 commentationes
652 1628 688 1671 ac
710 1608 800 1672 stilus
819 1607 871 1673 ille
892 1617 980 1685 tuus,
1014 1630 1109 1696 quern
1132 1617 1167 1674 tu
1189 1629 1265 1675 rere
1288 1607 1392 1674 dixisti
1415 1628 1490 1696 per·

126 1703 316 1771 refectorem
339 1702 463 1768 dicendi
485 1723 555 1767 esse
575 1722 612 1767 ac
631 1700 830 1786 magistrum,
853 1701 942 1769 mrdti
964 1702 1090 1769 sudoris
1113 1711 1182 1783 est;
1211 1712 1243 1768 et
1263 1702 1318 1768 illa
1337 1702 1489 1768 orationis

163 1819 239 1865 snae
262 1818 333 1864 curn
354 1799 479 1880 scriptis
500 1796 612 1865 alienis
633 1796 825 1879 comparatio
849 1799 940 1863 etde
961 1799 1064 1862 alieno
1086 1800 1204 1884 scripto
1226 1798 1330 1862 subita
1350 1796 1402 1862 vel
1422 1794 1490 1863 lan-

164 1891 258 1959 daudi
281 1895 333 1960 vel
356 1889 552 1980 vituperandi
579 1888 630 1955 vel
663 1889 891 1974 comprobandi
916 1890 968 1958 vel
994 1889 1160 1957 refellendi
1192 1911 1285 1958 causa
1320 1890 1490 1979 disputatio

163 2009 228 2053 nou
261 1986 426 2054 mediocris
461 1987 670 2052 contentionis
701 1992 750 2050 est
780 1984 830 2051 vel
861 1988 901 2050 ad
930 1988 1117 2051 memoriam
1140 1988 1191 2053 vel
1218 1987 1257 2050 ad
1289 1986 1487 2053 imitandum.

164 2085 247 2148 Lxl.
271 2083 344 2147 258.
369 2082 448 2148 illud
471 2100 547 2146 vero
568 2081 628 2145 fuit
648 2076 821 2155 horribile,
857 2081 941 2165 quod
963 2079 1143 2147 mehercule
1164 2100 1295 2156 vereor,
1328 2101 1368 2145 ue
1392 2085 1491 2146 maio-

127 2198 234 2247 eerem
255 2176 320 2243 vim
341 2178 381 2242 ad
402 2176 623 2242 deterrendum
644 2171 792 2239 habuerit
811 2177 959 2260 quemad
974 2175 1213 2241 cohortandum.
1255 2173 1389 2242 Voluisti
1403 2174 1490 2242 enim

165 2277 198 2339 in
220 2292 278 2338 sno
300 2290 415 2357 genere
437 2290 534 2335 unum
556 2288 714 2355 quemque
742 2272 886 2335 nostrum
912 2272 1002 2356 quasi
1030 2271 1188 2357 quendam
1222 2288 1292 2334 esse
1323 2270 1490 2351 Roscinm3

166 2365 335 2450 dixistique
355 2384 419 2430 nou
441 2371 503 2428 tam
526 2383 578 2435 ea,
601 2381 682 2448 quae
703 2369 788 2427 recta
802 2368 924 2440 essent,
948 2364 1077 2452 probari
1091 2383 1185 2450 quam
1201 2382 1283 2450 quae
1297 2383 1392 2450 prora
1408 2372 1490 2440 sunt,

165 2457 297 2526 fastidiis
326 2461 569 2533 adhaerescere3
604 2454 689 2538 quod
722 2476 782 2540 ego
812 2476 877 2521 non
905 2466 968 2523 tam
989 2456 1150 2524 fastidiose
1171 2461 1204 2523 in
1225 2457 1320 2522 nobis
1342 2478 1436 2543 quam
1457 2458 1492 2525 iu

165 2556 373 2622 histrionibus
393 2549 529 2639 spectari
556 2557 644 2640 puto.
689 2553 763 2615 259.
799 2553 908 2639 Itaque
936 2571 995 2619 nos
1020 2571 1134 2618 raucos
1162 2571 1256 2639 saepe
1285 2554 1492 2619 attentissime

129 2674 157 2717 55
166 2647 269 2716 audiri
291 2648 401 2727 video;
423 2654 508 2711 tenet
529 2647 613 2712 enim
634 2665 685 2710 res
705 2645 773 2733 ipsa
794 2652 888 2731 atque
909 2667 1013 2713 causa:
1045 2655 1077 2712 at
1097 2649 1278 2734 Aesopum,
1302 2647 1330 2712 si
1350 2648 1492 2736 paullum

166 2745 345 2819 imanserit,
384 2740 524 2828 explodi.
568 2743 596 2806 Α
624 2741 738 2825 quibus
766 2740 851 2806 enim
882 2739 959 2807 nihil
991 2749 1117 2825 praeter
1146 2741 1337 2829 voluptatem
1368 2741 1493 2808 aurium

167 2835 344 2925 quaeritur,
367 2836 452 2903 iniis
467 2832 651 2908 offenditur,
674 2833 767 2900 simul
788 2843 882 2922 atque
903 2833 1098 2902 imminuitur
1118 2834 1238 2925 aliquid
1254 2840 1293 2902 de
1308 2835 1489 2924 voluptate3

166 2935 199 2999 in
220 2931 388 3017 eloquente
409 2939 514 2996 autem
535 2929 631 2996 multa
652 2935 740 3006 sunt,
764 2950 845 3017 quae
866 2938 1008 3008 teneant,
1031 2951 1111 3018 quae
1133 2934 1161 2996 si
1175 2931 1279 2998 omnia
1293 2952 1414 2997 summa
1428 2952 1492 2998 uon

168 3036 240 3095 sunt
260 3038 292 3095 et
311 3027 460 3115 pleraque
483 3033 587 3091 manen
608 3045 720 3110 magna
750 3034 837 3099 sunt,
871 3042 1002 3090 necesse
1033 3033 1081 3091 est
1109 3045 1147 3091 ea
1175 3026 1259 3112 ipsa,
1294 3045 1374 3112 quae
1404 3033 1490 3101 sunt,

132 3121 325 3190 mmirabilia
344 3125 456 3189 rideri.

252 3220 325 3282 2611.
357 3220 458 3302 Ergo,
487 3224 521 3280 ut
542 3212 582 3281 ad
602 3216 740 3301 primum
759 3214 837 3281 illud
858 3225 1017 3292 revertar,
1047 3217 1088 3282 sit
1109 3223 1217 3281 orator
1237 3213 1329 3281 nobis
1351 3213 1396 3288 is,
1419 3215 1491 3303 qni,

141 3362 146 3372 .
168 3319 204 3378 ut
225 3314 353 3379 Crassus
375 3311 555 3397 descripsit,
589 3309 823 3377 accommodate
845 3314 885 3376 ad
906 3309 1158 3396 persuadendum
1179 3313 1279 3397 possit
1300 3311 1416 3374 dicere.
1461 3312 1493 3375 Ie

169 3414 271 3473 autem
294 3408 497 3472 concludatur
517 3404 558 3471 in
571 3424 629 3480 ea,
653 3426 734 3489 quae
755 3407 881 3471 suntin
902 3425 963 3471 usu
984 3405 1142 3473 civitatum
1163 3404 1283 3490 vulgari
1305 3424 1341 3469 ac
1363 3402 1492 3481 forensi,

169 3503 361 3589 remotisque
390 3501 502 3565 ceteris
527 3499 657 3575 studiis,
692 3504 834 3588 quamvis
864 3520 900 3565 ea
922 3502 982 3564 sint
1004 3502 1106 3585 ampla
1127 3507 1221 3586 atque
1242 3498 1421 3584 praeclara,
1459 3499 1493 3564 in

132 3598 232 3662 aahoc
252 3616 317 3662 nno
339 3614 453 3681 opere,
476 3602 511 3660 nt
532 3596 574 3658 ita
596 3595 717 3665 dicam,
738 3603 845 3659 noctes
862 3603 894 3659 et
907 3593 974 3659 dies
988 3603 1154 3680 argeutum
1177 3593 1378 3680 imiteturque
1390 3592 1491 3671 illum,

169 3693 220 3758 cui
241 3693 309 3756 sine
332 3692 430 3755 dubio
451 3687 640 3753 summarie
673 3685 799 3752 dicendi
827 3689 1025 3766 conceditur,
1059 3689 1278 3756 Atheniensem
1309 3691 1495 3753 Demosthe·

169 3807 260 3863 nem,
283 3783 316 3850 in
338 3803 401 3872 quo
423 3791 542 3848 tantum
564 3784 701 3848 studium
724 3781 820 3847 fuisse
841 3789 1007 3872 tantusque
1028 3784 1120 3850 labor
1141 3784 1271 3860 dicitur,
1301 3791 1335 3849 ut
1356 3783 1493 3871 primum

169 3882 394 3966 impedimenta
413 3885 540 3944 naturae
563 3876 721 3962 diligentia
742 3878 957 3964 industriaque
979 3889 1156 3963 superaret;
1190 3897 1324 3964 cumque
1353 3879 1398 3942 ita
1427 3877 1495 3942 bal·

170 3975 229 4043 bus
251 3982 348 4050 esset,
370 3985 405 4041 nt
426 3975 493 4042 eius
513 3975 613 4061 ipsius
634 3975 727 4052 artis,
752 3974 804 4040 cui
825 3978 984 4051 studeret,
1008 3973 1140 4061 primam
1155 3973 1291 4038 litteram
1306 3995 1370 4039 nou
1386 3979 1493 4058 posset

133 4073 292 4147 udicare,
328 4070 462 4160 perfecit
490 4072 686 4147 meditando,
724 4078 760 4135 ut
790 4091 883 4136 nemo
914 4067 1036 4153 planius
1063 4088 1132 4134 esse
1160 4067 1283 4134 locutus
1313 4076 1492 4155 putaretur3

238 4321 265 4372 5.
284 4321 335 4372 iter
352 4327 506 4383 corruptum
525 4321 619 4372 merttc
638 4321 721 4370 eleum
739 4324 780 4369 eet
799 4317 993 4369 flenrtchsenfo
1012 4322 1040 4368 et
1058 4317 1209 4372 hifendtto,
1239 4318 1285 4380 qut
1305 4315 1401 4367 mavolt
1418 4316 1494 4365 neti-

171 4393 246 4444 ttom.
266 4417 300 4427 -
317 4391 345 4441 t.
365 4386 495 4456 Lonpe'ne]
515 4391 606 4455 Longo
624 4389 709 4441 Codd.
729 4389 867 4453 plerique,
887 4389 924 4447 1..
943 4388 1020 4451 15595
1037 4388 1079 4445 Β.
1099 4389 1130 4438 11.
1152 4388 1271 4440 Corrertt
1289 4386 1492 4438 1155555155.-

171 4462 198 4513 3.
215 4467 286 4513 recto
304 4459 404 4526 studio]
424 4462 570 4513 eruditione
589 4460 696 4511 uentus.
717 4485 747 4497 —
778 4460 805 4510 9.
824 4459 890 4509 mihi
907 4458 999 4509 habere
1016 4458 1143 4508 uidentur
1161 4458 1245 4510 Codd.
1263 4457 1298 4508 el.
1318 4467 1345 4508 et
1362 4457 1398 4507 a:
1429 4456 1495 4505 mihi

170 4533 293 4582 uidentur
312 4531 364 4582 uu.
383 4533 410 4582 2.
431 4531 476 4593 3.,
506 4532 571 4582 551151
587 4532 693 4582 uidetur
710 4531 763 4580 ΒΒ.
790 4554 821 4567 -
853 4531 897 4579 11.
915 4541 998 4591 prope
1015 4530 1071 4578 tum
1088 4529 1144 4579 ΒΒ.
1173 4554 1208 4565 -
1238 4527 1281 4579 13.
1302 4541 1334 4577 cc
1351 4527 1499 4578 meditatos-

172 4602 408 4654 commendationes
428 4598 539 4665 (515111.
560 4627 588 4639 -
611 4603 654 4652 15.
674 4601 763 4651 multis
781 4601 812 4650 Β.
833 4625 864 4638 -
890 4601 933 4650 td.
955 4600 1068 4650 155511.
1089 4625 1120 4636 -
1140 4598 1185 4648 22.
1204 4605 1264 4649 eunt
1285 4598 1394 4649 tectuett
1413 4598 1494 4648 ftrne·

172 4675 258 4732 attus,
277 4672 374 4724 detertt
390 4673 530 4724 Schutrtus
549 4678 576 4724 et
594 4673 710 4723 Ellendt.
729 4693 761 4709 -
777 4669 821 4720 23.
842 4671 1022 4722 abhorrescere
1040 4670 1072 4720 Β.
1103 4696 1134 4707 -
1163 4669 1208 4719 23.
1227 4670 1388 4719 1555555511
1407 4667 1492 4718 Codd.

173 4745 253 4807 aliq,
272 4744 413 4794 1555555511
431 4744 488 4806 (etc)
507 4744 563 4794 ΒΒ.
584 4768 615 4780 -
634 4743 679 4792 23.
699 4741 831 4806 eloquente
849 4742 913 4806 bag.
932 4739 959 4790 3.
980 4740 1023 4792 17.
1039 4778 1047 4802 ,
1072 4745 1153 4792 51115
1173 4739 1277 4791 volebat
1294 4738 1411 4790 Battus:
1441 4739 1493 4789 515-

172 4814 264 4889 quenti
275 4813 362 4870 Letd..
382 4814 533 4879 eloquentie
544 4813 623 4865 Β1111.
639 4839 668 4852 -
684 4818 824 4865 teneantur
835 4812 865 4862 Β.
882 4835 911 4848 -
932 4810 977 4861 31.
990 4813 1110 4876 quiante
1126 4824 1150 4861 1.
1166 4809 1360 4859 accommodate
1374 4810 1448 4868 pontt
1461 4809 1494 4859 Β.

173 4906 206 4923 -
223 4882 267 4936 35.
286 4889 433 4949 urgeantur
449 4886 633 4950 imitenturque
644 4884 678 4936 n.
696 4909 723 4923 -
746 4882 788 4934 33.
802 4887 952 4947 supernatet
963 4882 996 4934 n.
1014 4907 1043 4920 -
1064 4881 1108 4934 411.
1123 4893 1174 4933 5515
1187 4881 1208 4931 Β
1225 4879 1342 4944 alitque,
1360 4879 1398 4931 li:
1419 4891 1449 4931 eo
1460 4879 1493 4932 tt.
