3232 5392
162 209 224 272 276
698 206 752 272 ΒΕ
775 204 963 272 ΟΒΑΤΟΒΒ

162 369 217 434 bat
235 365 332 432 iudex
353 368 390 430 L.
406 361 538 430 Aurifex
556 361 687 430 brevior
706 366 774 451 ipse
796 385 889 451 mam
911 363 1017 430 testis:
1051 365 1153 430 omnis
1176 371 1225 431 est
1246 363 1329 430 risus
1351 362 1386 428 in
1408 363 1489 429 iudi·

163 483 231 528 cem
254 482 442 538 convorsus3
476 460 580 526 risum
606 466 654 523 est
678 467 780 525 totum
801 458 934 524 scurrile
951 458 1130 525 ridiculum.
1175 463 1259 544 Ergo
1280 461 1378 534 hacc,
1407 478 1487 545 quae

163 560 277 622 cadere
305 561 438 642 possunt
469 555 502 617 in
531 572 611 637 qnos
639 552 739 629 nolis,
775 553 917 640 quamvis
951 553 1013 619 sint
1040 556 1143 630 bella,
1178 562 1250 618 sunt
1281 561 1388 618 tamen
1418 555 1487 639 ipso

162 672 279 737 genere
300 648 452 716 scurrilia.
497 651 571 713 266.
602 649 640 713 Ut
660 647 739 724 iste,
763 649 818 733 qui
841 670 875 713 sc
898 647 966 714 vult
983 646 1134 722 dicacem,
1168 656 1200 713 et
1219 645 1401 714 mehercule
1421 656 1486 723 est,

140 744 297 831 seppius,
318 747 374 810 aed
394 763 619 830 nonnunquam
639 741 672 808 in
694 746 756 808 hoc
778 742 888 809 vitium
911 744 1044 808 scurrile
1066 742 1234 807 delabitur.
1280 744 1488 827 Coeuabo‚

161 841 279 926 inquit,
301 836 403 923 apud
425 847 475 914 te,
498 836 573 902 huic
593 837 696 913 hisco,
719 838 867 903 familiari
886 856 977 912 mco,
1002 840 1036 903 C.
1054 837 1183 913 Sextio,
1208 839 1277 902 uni
1299 836 1407 902 enim
1428 834 1489 901 lo·

162 954 245 1000 cum
275 954 360 1000 esse
387 933 521 997 video.
565 934 622 997 Est
642 934 705 997 hoc
727 933 877 1007 scurrile,
915 939 947 996 ct
965 934 1052 1018 quod
1071 931 1138 996 sinc
1162 951 1254 997 causa
1278 931 1438 997 lacessivit
1458 937 1489 996 et

161 1039 265 1095 tamen
287 1029 319 1092 id
341 1025 434 1102 dixit,
467 1028 552 1112 quod
581 1027 614 1089 in
643 1045 753 1091 omnes
775 1027 886 1091 luscos·
903 1024 1097 1091 conveniret.
1140 1029 1204 1102 Ea,
1241 1027 1316 1112 quia
1337 1023 1487 1090 meditate

160 1130 310 1211 putantur
337 1139 423 1197 esse,
457 1123 561 1185 minus
592 1117 745 1185 ridentur.
796 1118 877 1186 lllud
904 1119 1066 1204 egregium
1092 1119 1191 1185 Sextii
1215 1127 1247 1185 et
1271 1142 1313 1185 ex
1335 1127 1488 1205 tempore.

123 1221 300 1284 rollanus
321 1214 429 1290 lava,
455 1214 572 1302 inquit,
595 1222 634 1279 et
655 1234 787 1284 coena.
831 1218 905 1280 217.
948 1215 1111 1298 Temporis
1132 1214 1231 1300 igitur
1250 1213 1330 1281 ratio
1344 1221 1376 1280 et
1389 1215 1487 1298 ipsius

162 1311 332 1378 dicacitatis
353 1312 530 1374 moderatio
550 1317 583 1373 et
604 1310 809 1396 temperantia
832 1317 865 1374 et
882 1311 994 1374 raritas
1015 1310 1172 1373 dictonrm
1192 1308 1365 1393 distinguet
1383 1316 1488 1375 orato-

161 1427 228 1473 rem
251 1425 269 1471 a
292 1424 418 1482 scurra3
453 1413 502 1480 et,
526 1405 612 1490 quod
633 1425 692 1469 nos
717 1425 788 1469 cum
809 1424 902 1468 eausa
924 1401 1071 1480 dicimus,
1095 1424 1161 1468 nou
1180 1412 1217 1468 ut
1233 1401 1360 1469 ridiculi
1383 1405 1487 1470 videa·

161 1521 248 1575 mur,
283 1501 340 1564 sed
378 1505 415 1563 nt
455 1493 653 1583 proficiamus
694 1496 831 1584 aliquid,
868 1497 915 1563 illi
949 1504 1051 1562 totum
1084 1494 1167 1562 diem
1208 1504 1240 1562 et
1276 1499 1344 1562 sine
1380 1518 1485 1563 causa.

162 1592 244 1671 Quid
267 1596 351 1659 enim
374 1601 421 1657 cst
443 1590 579 1676 Vargula
604 1601 779 1670 assecutus,
817 1613 887 1657 cnm
918 1613 990 1658 enm
1022 1591 1203 1656 candidatus
1229 1595 1486 1678 assumuntur

123 1709 233 1753 ascum
247 1692 353 1755 llarco
375 1706 432 1751 suo
454 1683 551 1751 fratre
572 1686 757 1772 complexus
779 1695 882 1753 esset:
905 1688 1006 1751 Puer
1027 1689 1148 1772 abige
1169 1693 1355 1753 muscas?
1381 1689 1487 1754 Risum

161 1779 330 1870 quaesivit,
354 1779 407 1867 qui
430 1788 478 1845 est
497 1801 568 1845 mea
585 1781 741 1846 sententia
763 1783 816 1846 vel
831 1782 1032 1847 tenuissimus
1045 1781 1163 1868 ingenii
1176 1780 1307 1849 fructus.
1352 1786 1488 1867 Tempus

161 1876 258 1960 igitur
277 1872 400 1939 dicendi
421 1876 588 1960 prudentia
608 1883 640 1940 et
664 1875 815 1960 gravitate
834 1877 1083 1957 moderabimur;
1106 1897 1238 1963 quarum
1252 1880 1372 1945 utinam
1391 1885 1487 1942 artem

161 1967 297 2053 aliquam
318 1970 525 2033 haberemus!
558 1971 614 2034 sed
637 1973 764 2036 domina
784 1979 895 2035 natura
918 1978 977 2035 cst.

180 2112 184 2121 .
245 2063 329 2126 LXI.
363 2064 436 2128 216.
473 2064 564 2128 Nunc
592 2083 786 2149 exponamus
812 2085 929 2148 genera
957 2066 1025 2148 ipsa
1051 2066 1246 2142 summatim,
1281 2087 1362 2153 quae
1390 2066 1488 2132 risum

125 2158 298 2223 tumaxime
320 2165 479 2222 moveant.
524 2159 610 2223 Haec
630 2159 728 2242 igitur
748 2156 788 2222 sit
809 2156 910 2243 prima
930 2158 1077 2245 partitio,
1115 2165 1199 2246 quod
1220 2160 1320 2232 laceto
1343 2161 1486 2238 dicatur,

161 2247 195 2317 id
216 2248 292 2315 elias
312 2249 345 2315 in
366 2274 400 2317 ro
422 2249 556 2328 habere,
590 2251 667 2318 alias
687 2256 720 2318 iu
741 2254 841 2318 verbo
866 2251 1012 2333 facetiam
1046 2258 1183 2320 maxime
1213 2263 1318 2321 autem
1344 2255 1488 2321 homines

163 2343 325 2424 delectari,
357 2348 385 2411 si
414 2348 540 2433 quando
570 2349 651 2412 risus
677 2347 843 2411 coniuncte
870 2367 907 2412 re
931 2351 1094 2436 verboque
1124 2359 1299 2416 moveatur.
1343 2353 1406 2416 Sed
1428 2353 1489 2415 hoc

163 2447 370 2517 mementote,
393 2461 598 2526 quoscunque
619 2441 706 2506 locos
729 2440 894 2526 attingam,
920 2445 1005 2507 unde
1025 2442 1159 2509 ridicula
1181 2442 1351 2522 ducantur,
1376 2467 1417 2510 ex
1436 2445 1489 2511 iis·

163 2538 235 2603 dem
268 2534 344 2601 locis
372 2532 439 2600 lere
472 2536 565 2600 etiam
594 2556 706 2620 greum
733 2536 904 2602 sententias
934 2557 1028 2623 posse
1056 2536 1139 2603 duci.
1184 2542 1316 2604 Tantum
1338 2539 1487 2615 interest,

126 2632 249 2716 „quod
271 2628 405 2715 gravitas
426 2629 566 2696 honestis
587 2629 619 2694 in
642 2632 737 2694 rebus
758 2651 887 2706 severe,
922 2632 1011 2696 iocus
1031 2631 1064 2697 in
1086 2631 1249 2718 turpiculis
1271 2642 1301 2698 et
1321 2633 1411 2719 quasi
1432 2636 1489 2698 de·

162 2724 318 2792 formibue
339 2722 483 2811 ponitur,
507 2727 594 2790 velut
616 2723 728 2789 iisdem
749 2724 854 2790 verlris
876 2731 909 2788 et
929 2724 1057 2792 laudare
1078 2728 1160 2811 trogi
1175 2748 1299 2794 servum
1314 2748 1483 2814 possumus

164 2828 211 2896 ct,
245 2820 273 2884 si
301 2826 531 2901 estnequam,
566 2817 676 2884 iocari.
720 2818 896 2885 Ridiculum
924 2828 972 2884 est
999 2819 1076 2887 illud
1104 2824 1316 2887 Neronianum
1343 2832 1433 2889 vetus
1455 2824 1488 2887 in

162 2911 271 2979 luraoe
292 2932 402 2988 servo,
436 2912 568 2978 Solum
591 2933 693 2988 esse,
727 2913 790 2979 cui
812 2914 917 2978 domi
938 2911 1039 2978 nilril
1061 2917 1114 2979 sit
1136 2937 1208 2980 uec
1230 2918 1487 3000 obsignatum

163 3029 234 3073 nec
256 3006 477 3074 occlusum:
514 3010 600 3092 quod
622 3005 705 3072 idem
727 3009 867 3073 inbono
890 3028 981 3072 servo
1004 3008 1067 3073 dici
1088 3007 1182 3088 solet;
1216 3008 1271 3075 sed
1292 3014 1353 3076 hoc
1374 3010 1488 3076 iisdem

127 3102 260 3174 suetiam
282 3104 399 3172 verbis.
441 3104 514 3168 219.
537 3105 586 3166 Ex
607 3103 719 3165 iisdem
741 3110 844 3165 autem
866 3101 945 3166 locis
966 3101 1072 3166 omnia
1086 3112 1265 3169 nascuntur.
1310 3109 1387 3170 Nam
1402 3103 1487 3193 quod

164 3201 217 3284 Sp.
232 3199 366 3266 Carvilio
389 3198 527 3283 graviter
549 3197 735 3260 claudicanti
757 3217 797 3260 ex
817 3193 949 3258 vulnere
971 3197 1012 3259 cb
1035 3197 1280 3282 rempublicam
1302 3207 1432 3286 accepto
1454 3206 1487 3263 et

163 3294 298 3358 obeam
319 3313 443 3358 causam
469 3289 691 3356 verecundanti
718 3292 750 3354 in
778 3287 938 3375 publicum
968 3288 1098 3372 prodire
1127 3304 1227 3358 mater
1255 3293 1347 3370 dixit,
1386 3293 1487 3373 Quin

162 3386 324 3475 prodis,
359 3388 406 3452 mi
440 3388 581 3470 Spuril
625 3387 951 3469 quotiescunque
986 3382 1146 3466 gradum
1179 3383 1324 3462 facies,
1361 3388 1488 3452 toties
1586 3415 1588 3418 ·

164 3482 240 3546 tibi
267 3489 422 3546 tuarum
451 3483 641 3546 virtutum
669 3478 809 3544 reniet
837 3479 876 3540 in
898 3487 1084 3557 mentem;
1119 3480 1315 3561 praeclarum
1338 3490 1369 3546 et
1391 3503 1487 3566 grave

128 3584 230 3647 erest:
265 3579 350 3660 quod
373 3573 501 3641 Calvino
525 3573 652 3640 Glaucia
674 3569 876 3646 claudicanti,
912 3571 983 3634 Ubi
1012 3582 1074 3637 cst
1101 3582 1210 3639 vetus
1239 3574 1360 3641 illud:
1397 3599 1487 3640 num

167 3668 387 3736 claudicat?
414 3673 462 3736 At
481 3668 547 3734 hic
569 3666 763 3747 clodicat;
786 3668 847 3731 hoc
867 3663 1036 3732 ridiculum
1058 3678 1107 3731 est
1128 3677 1159 3733 et
1179 3676 1348 3755 utrumque
1371 3690 1411 3735 ex
1432 3690 1486 3746 eo,

235 3950 262 4000 1.
280 3947 338 4012 lpse
353 3959 435 4011 quom
452 3946 525 3997 testie
541 3944 565 3996 Α
583 3945 700 4009 altique:
721 3945 802 3994 ettam
819 3956 897 4008 quum
915 3943 988 3992 testis
1005 3944 1061 4006 lpse
1078 3942 1142 4008 (Bt)
1161 3944 1217 3996 RE.
1238 3971 1271 3984 -
1297 3947 1323 3997 1.
1343 3948 1486 3998 caerulum

165 4016 325 4083 delituerat
343 4017 470 4068 iudicium
488 4017 553 4077 RE,
573 4017 619 4069 sed
639 4016 681 4066 liic
699 4016 817 4066 seclusit.
837 4014 969 4064 Utrumvls
982 4026 1136 4076 suspectum
1150 4017 1353 4070 ilenrlclrsenlc.
1368 4044 1397 4054 -
1414 4019 1485 4069 illuc

168 4089 288 4144 delectur
307 4092 334 4141 ln
353 4088 419 4140 cod.
439 4087 472 4138 Α.
492 4101 577 4151 usque
602 4087 635 4137 ad
656 4099 679 4136 c.
700 4086 745 4136 71.
765 4084 793 4148 5.
813 4084 874 4134 238.
907 4081 992 4148 (idern
1012 4086 1132 4138 delectus
1150 4094 1190 4138 est
1208 4090 1235 4138 ln
1255 4088 1306 4140 Gu.
1327 4089 1352 4138 3.
1373 4090 1437 4154 Lag.
1457 4091 1485 4141 t.

167 4159 337 4226 11131.)-
369 4159 397 4209 d.
415 4159 516 4210 cultae
534 4157 566 4208 B.
594 4182 629 4194 -
656 4157 684 4206 7.
703 4156 813 4207 scurrile
830 4155 933 4220 quidem
950 4161 975 4205 et
994 4155 1049 4207 ΒΒ.
1069 4181 1103 4194 -
1129 4157 1156 4207 8.
1174 4158 1217 4209 liu
1234 4172 1301 4223 quoe
1318 4159 1349 4209 B.
1378 4183 1410 4196 -
1442 4162 1485 4212 11.

167 4237 302 4284 oratorem
319 4243 371 4281 om.
391 4229 422 4280 Β.
442 4254 476 4265 -
504 4229 546 4278 12.
568 4228 679 4278 dicimus
697 4241 750 4278 om.
770 4228 801 4277 Β.
821 4250 855 4260 -
883 4225 1082 4278 1316111111.
1103 4251 1134 4265 ·-
1165 4228 1233 4279 diem
1250 4231 1341 4280 dicunt
1358 4239 1381 4282 et
1401 4230 1432 4279 Β.
1454 4257 1484 4268 -

167 4303 213 4355 16.
231 4299 299 4365 meo]
318 4302 348 4351 tn
365 4313 397 4351 eu
413 4299 446 4350 Β.
467 4323 498 4336 -
516 4300 560 4348 21.
580 4299 690 4354 hebere,
711 4299 781 4348 otios
799 4298 828 4346 tu
846 4296 923 4346 uerbo
940 4297 1068 4358 {ucetiuer
1086 4300 1201 4349 maxime
1220 4307 1308 4351 eutem
1326 4300 1409 4352 Codd.
1429 4301 1484 4350 alt

167 4374 275 4436 hedui,
305 4372 376 4421 otios
393 4373 422 4421 tu
437 4369 533 4426 octor
562 4366 664 4430 facetiis
681 4374 770 4419 eutem
786 4368 900 4417 mocime
918 4367 974 4419 llll.
1011 4367 1062 4419 Pro
1080 4369 1173 4420 dedere
1191 4371 1231 4420 B:
1259 4371 1347 4424 deren
1363 4375 1433 4431 (uc.)
1453 4395 1486 4408 -

167 4445 212 4495 25.
231 4456 316 4495 secere
333 4442 440 4494 seclusit
457 4439 572 4491 Ellendt.
594 4463 624 4476 -
643 4438 687 4488 26.
706 4440 798 4489 iisdem
816 4438 901 4488 codd.
921 4438 1003 4497 aliq:
1022 4443 1052 4488 en
1069 4440 1160 4490 tudem
1178 4441 1257 4491 auu.
1274 4465 1305 4478 -
1323 4445 1453 4505 possimus
1471 4456 1487 4494 e

169 4513 253 4565 Godd.
273 4514 337 4577 aliq.
357 4513 389 4561 T.
414 4511 518 4574 (Ortum
538 4516 577 4562 cst
597 4522 611 4559 e
630 4512 759 4570 scripture
776 4508 817 4558 cel
834 4507 884 4571 ut.)
903 4530 936 4544 -
953 4507 999 4557 23.
1019 4506 1159 4574 occlusum]
1180 4512 1316 4562 obscurum
1327 4512 1358 4563 B.
1375 4539 1404 4550 -
1424 4513 1488 4564 hoec

168 4583 201 4635 Β.
223 4611 252 4623 -
272 4586 316 4636 30.
336 4585 416 4634 etium
433 4596 486 4633 om.
504 4581 535 4631 Β.
554 4604 587 4619 -
605 4577 702 4643 eutem]
722 4593 794 4630 nunc
811 4578 866 4631 BR.
888 4602 918 4615 -
939 4576 1039 4642 omnio]
1057 4580 1160 4632 immo:
1181 4583 1238 4632 otio
1258 4585 1367 4642 omnio,
1386 4583 1412 4633 ld
1434 4590 1485 4644 est,

169 4667 277 4717 prorsus
297 4655 409 4706 diverse.
430 4653 481 4704 Oa.
502 4674 533 4688 ·-
563 4649 607 4702 33.
626 4656 674 4711 ut,
693 4652 897 4714 quotiescunque
916 4647 968 4699 tiu.
987 4653 1032 4712 1.,
1052 4658 1076 4701 et
1095 4653 1298 4717 quotiescunque
1314 4653 1346 4703 B.
1373 4677 1407 4688 -
1439 4654 1485 4705 61.

168 4729 253 4777 uniet
265 4725 333 4776 BR:
352 4725 443 4775 voulut
455 4723 507 4775 tiu.
521 4722 565 4781 1.,
579 4720 611 4771 Ε.
625 4743 658 4758 -
676 4734 774 4784 proce:
795 4718 921 4785 estquod
938 4718 970 4768 Β.
986 4744 1016 4758 ·-
1036 4718 1080 4772 35.
1094 4722 1296 4775 claudicarem.
1316 4723 1484 4775 Grumum:

168 4796 304 4848 eunoicus
324 4808 383 4847 cum
399 4796 454 4847 lec.
474 4792 601 4846 Gronorlt
619 4795 706 4856 operta
726 4791 758 4842 Β.
773 4815 804 4828 -
824 4789 868 4841 36.
886 4786 1009 4855 clodtcot]
1027 4791 1160 4856 ploutteot
1173 4793 1436 4848 melebetltetlettu.
1452 4813 1482 4836 -ι-

170 4867 217 4921 too
233 4867 374 4921 mucium
390 4867 415 4922 u
433 4877 495 4919 cum
512 4862 585 4917 libris
601 4861 756 4928 plerisque:
774 4861 918 4915 ridiculum
934 4861 985 4915 uu.
1008 4886 1037 4902 -
1061 4867 1100 4920 ut
1116 4870 1177 4918 anu
1195 4870 1221 4921 cs
1237 4878 1290 4918 om.
1308 4863 1341 4917 Β.
