3232 5392
567 251 644 313 LlB.
668 250 694 312 Ι.
740 249 774 314 C.
801 249 850 312 11.
874 251 923 317 19..
946 250 996 314 13.
1423 252 1463 317 95

139 406 293 494 petionem
316 414 347 472 et
368 406 631 493 deprecationem.
676 405 825 489 Purgatio
842 416 903 481 est,
927 430 999 472 cum
1021 406 1138 472 lactum
1153 408 1351 482 conceditur,
1374 408 1465 494 eulpa

138 511 330 568 removetur.
376 505 463 566 Haec
476 511 580 587 partes
595 499 689 566 babet
704 510 786 576 tres,
811 501 1067 587 imprudentiam,
1090 523 1213 578 casum,
1236 501 1462 566 necessitatem.

137 597 325 682 Deprecatio
348 603 414 670 est,
444 616 513 659 cum
537 606 567 660 31
590 616 735 681 peccasse
759 604 790 660 et
817 599 960 661 consulto
982 617 1128 683 peccasse
1150 617 1224 661 reus
1247 617 1280 661 se
1302 595 1467 662 confitetur

138 698 308 764 ettamen,
331 697 365 754 31
387 689 585 772 ignoscatur,
603 689 773 787 'postulat;
806 689 890 773 quod
912 709 1009 773 genus
1031 710 1164 776 perraro
1186 699 1289 775 potest
1309 688 1463 755 accidere.

137 784 279 850 Remotio
303 782 444 851 criminis
466 792 529 859 est,
565 804 634 846 cum
657 785 689 847 id
710 782 849 856 crimen,
884 788 968 866 quod
990 783 1146 859 infertur,
1176 783 1215 850 ab
1238 806 1272 849 se
1295 795 1326 848 et
1347 787 1386 847 ab
1409 804 1489 852 suas

138 881 250 964 culpa,
285 876 319 943 ri
350 886 381 942 et
408 885 561 962 potestate
589 878 622 941 in
651 877 745 941 alium
768 897 841 942 reus
863 898 1028 943 removere
1051 888 1193 944 conatur.
1240 877 1275 944 ld
1299 877 1467 964 dupliciter

138 972 206 1038 lieri
221 972 352 1059 poterit,
376 971 402 1036 si
424 979 477 1037 aut
499 991 592 1034 causa
614 979 668 1035 aut
688 969 804 1035 tactum
826 975 857 1035 in
874 971 968 1036 alium
988 975 1205 1039 transferetur.
1253 975 1352 1039 Causa
1367 982 1467 1037 trans-

95 1096 99 1101 ’
137 1067 274 1145 seretur,
310 1087 381 1131 cum
403 1065 505 1130 aliena
527 1064 642 1129 dicitur
663 1063 693 1129 vi
715 1074 746 1129 et
768 1073 921 1148 potestate
944 1064 1075 1145 iaetum;
1108 1067 1225 1133 sactum
1248 1077 1370 1140 autem,
1394 1087 1466 1133 cum

139 1161 216 1226 alius
238 1170 291 1228 aut
313 1157 459 1224 debuisse
481 1168 533 1223 aut
554 1159 694 1244 potuisse
716 1158 821 1223 iacere
843 1158 966 1228 dicitur.
1009 1160 1129 1228 Relatio
1151 1162 1289 1227 criminis
1311 1174 1372 1238 est,
1395 1182 1466 1227 cum

137 1253 209 1320 ideo
231 1253 299 1320 iure
320 1254 434 1320 iactum
450 1252 578 1327 dicitur,
602 1256 687 1337 quod
702 1253 814 1338 aliquis
829 1264 899 1319 ante
914 1255 1028 1319 iniuria
1044 1255 1222 1322 lacessierit.
1266 1246 1466 1341 Comparatio
1479 1283 1504 1324 ro

139 1357 207 1424 est,
244 1369 314 1414 cum
345 1345 428 1413 aliud
457 1345 584 1432 aliquod
615 1346 747 1413 alicuius
774 1346 890 1413 factum
919 1356 1038 1414 rectum
1067 1359 1121 1415 aut
1154 1353 1230 1415 utile
1253 1351 1467 1427 contenditur,

139 1445 225 1527 quod
247 1451 281 1509 ut
302 1441 410 1518 lieret,
434 1440 525 1515 illud,
549 1443 634 1525 quod
657 1443 814 1525 arguitur,
838 1439 954 1507 dicitur
976 1463 1044 1507 esse
1067 1444 1278 1514 commissum.

228 1541 276 1602 16.
315 1539 351 1601 13
384 1544 495 1620 quarta
521 1534 758 1611 constitutione,
795 1557 889 1622 quam
910 1536 1122 1602 translativam
1151 1538 1364 1614 nominamus,
1399 1539 1467 1606 eius

143 1631 372 1698 constitutionis
394 1639 442 1695 est
463 1629 692 1706 controversia,
724 1651 795 1695 cum
817 1638 870 1695 aut
891 1651 985 1715 quem
1007 1639 1061 1696 aut
1083 1631 1209 1719 quicum
1231 1644 1284 1699 aut
1306 1638 1466 1718 quomodo

139 1733 194 1792 aut
213 1724 296 1811 apud
318 1744 397 1810 quos
419 1733 472 1789 aut
494 1744 558 1808 quo
582 1723 651 1788 iure
673 1732 726 1788 aut
748 1745 810 1809 quo
832 1730 975 1810 tempore
998 1746 1092 1809 agere
1109 1737 1270 1813 oporteat,
1295 1731 1503 1815 quaeritante

140 1831 192 1886 aut
224 1819 353 1884 omnino
385 1816 503 1902 aliquid
538 1817 576 1882 de
607 1819 850 1883 commutatione
878 1829 932 1884 aut
959 1818 1168 1887 infirmatione
1196 1822 1327 1888 actionis
1349 1822 1464 1908 agitur.

140 1918 240 1979 Huius
263 1912 492 1979 constitutionis
513 1915 725 1995 Hermagoras
748 1912 895 1978 inventor
917 1934 986 1979 esse
1009 1915 1221 1991 existimatur,
1245 1938 1307 1982 non
1323 1938 1387 2001 quo
1403 1939 1467 1984 non

139 2009 188 2075 usi
210 2008 272 2073 sint
293 2029 331 2073 ea
352 2016 474 2072 veteres
496 2013 638 2071 oratores
659 2027 753 2089 saepe
775 2006 885 2084 multi,
921 2013 975 2073 sed
998 2009 1156 2096 quianon
1179 2009 1468 2079 animadverterunt

139 2105 217 2168 artis
245 2102 416 2188 scriptores
443 2121 510 2164 eam
538 2099 718 2185 superiores
740 2123 798 2167 nec
819 2105 1007 2167 rettulerunt
1028 2103 1060 2168 in
1083 2124 1250 2169 numerum
1272 2106 1468 2172 constitutio·

140 2218 226 2263 num.
271 2198 346 2260 Post
367 2203 473 2260 autem
495 2197 534 2258 ab
557 2197 617 2258 boc
640 2194 799 2261 inventam
815 2197 904 2261 multi
919 2196 1206 2280 reprehenderunt,
1230 2219 1310 2286 quos
1325 2220 1388 2265 non
1405 2209 1467 2265 tam
1478 2224 1506 2265 33

140 2288 350 2374 imprudentia
372 2288 437 2354 salli
458 2297 619 2374 putamus,
645 2287 706 2371 (res
729 2288 812 2353 enim
834 2290 1001 2373 perspicua
1016 2291 1094 2375 est,]
1118 2313 1212 2378 quam
1235 2293 1351 2358 invidia
1374 2304 1468 2380 atque

141 2386 364 2451 obtrectatione
387 2382 520 2469 quadam
542 2382 701 2465 impediri.
746 2385 817 2446 illl.
841 2388 880 2448 Et
902 2385 1139 2451 constitutiones
1162 2386 1290 2473 quidem
1313 2397 1345 2452 et
1359 2410 1466 2456 earum

140 2491 245 2563 partes
272 2478 492 2562 exposuimus;
529 2476 673 2559 exempla
705 2485 808 2541 autem
840 2480 989 2564 cuiusque
1017 2479 1141 2563 generis
1175 2490 1241 2545 tum
1270 2483 1468 2549 commodius

141 2573 315 2660 exposituri
336 2571 495 2646 videmur,
521 2591 592 2635 cum
614 2571 647 2635 in
666 2592 764 2635 unum
780 2576 927 2656 qnodque
943 2593 1053 2637 corum
1069 2583 1327 2658 argumentorum
1343 2577 1465 2660 copiam

141 2666 294 2733 dabimus.
340 2670 418 2731 Nam
440 2665 677 2750 argumentandi
699 2667 778 2729 ratio
809 2663 976 2730 dilucidior
997 2666 1072 2743 crit,
1107 2687 1178 2732 cum
1200 2674 1291 2734 etad
1313 2681 1503 2756 genusetes

141 2761 179 2828 ad
200 2759 379 2847 exemplum
402 2781 514 2825 causae
536 2761 639 2824 statim
661 2757 778 2844 poterit
799 2757 1040 2824 accommodari.

227 2860 277 2923 17.
316 2856 543 2922 Constitutione
566 2874 677 2919 causae
705 2860 829 2938 reperta
861 2853 962 2917 statim
985 2853 1086 2936 placet
1106 2861 1324 2936 considerare,
1361 2869 1467 2926 utrum

141 2973 232 3019 eausa
254 2955 295 3016 sit
315 2947 462 3035 simplex,
498 2969 538 3012 an
559 2948 683 3025 iuncta;
721 2955 753 3011 ct
774 2945 801 3010 si
822 2945 926 3012 iuncta
948 2946 1024 3024 erit,
1062 2957 1167 3014 utrum
1195 2952 1235 3016 sit
1262 2952 1465 3041 expluribus

141 3041 375 3133 quaestionibus
402 3043 523 3118 iuncta,
562 3063 601 3106 an
631 3064 671 3105 ex
700 3040 803 3124 aliqua
833 3042 1078 3124 comparatione.
1124 3044 1266 3129 Simplex
1286 3058 1350 3123 est,
1385 3070 1466 3135 quae

142 3138 314 3205 absolutam
335 3137 369 3202 in
390 3158 424 3201 se
446 3136 584 3201 eontinet
605 3156 699 3201 unam
723 3135 951 3221 quaestionem,
978 3139 1040 3203 hoe
1061 3137 1173 3206 modo:
1209 3143 1379 3209 Corinthiis
1401 3144 1504 3210 bel-so

141 3232 206 3299 lum
234 3230 426 3305 indicamus,
461 3251 499 3295 an
521 3234 607 3295 nont
644 3228 816 3296 Coniuncta
838 3229 1043 3316 expluribus
1065 3234 1313 3316 quaestionibus,
1346 3237 1379 3303 in
1400 3259 1464 3324 qua

142 3327 230 3411 plura
252 3332 464 3414 quaerantur,
497 3327 558 3389 boe
585 3331 694 3409 paeto:
730 3326 840 3389 Utrum
867 3328 1024 3412 Karthago
1046 3327 1205 3407 diruatur,
1240 3333 1464 3420 3311331113ςί-

141 3419 301 3486 niensibus
322 3418 484 3496 reddatur,
509 3440 548 3483 an
570 3440 609 3486 eo
630 3417 753 3485 colonia
776 3418 958 3485 deducatur.
1004 3423 1052 3485 Ex
1073 3423 1321 3509 comparatione,
1346 3426 1379 3492 in
1402 3449 1465 3513 qua

141 3535 198 3602 per
225 3513 474 3589 contentionem,
511 3522 616 3580 utrum
645 3517 749 3601 potius
776 3522 831 3579 aut
851 3512 926 3598 qaid
946 3513 1143 3600 potissimum
1167 3516 1249 3603 [sit],
1286 3521 1466 3605 quaeritur,

142 3611 180 3673 ad
202 3607 283 3674 bunc
305 3610 449 3673 modum:
472 3610 581 3673 Utrum
603 3609 760 3675 exereitus
781 3608 815 3673 in
836 3607 1050 3673 Macedoniam
1071 3620 1179 3677 eontra
1193 3611 1371 3701 Philippum
1395 3615 1504 3682 mit-as

142 3711 242 3779 tatur,
281 3704 335 3788 qui
358 3701 451 3767 sociis
473 3702 513 3766 sit
533 3700 667 3778 auxilio,
704 3722 744 3766 aa
766 3709 909 3767 teneatur
929 3703 961 3768 in
992 3703 1095 3780 ltalia,
1128 3715 1283 3794 utquam
1312 3709 1466 3777 manimao

143 3805 249 3862 contra
270 3794 477 3860 Hannibalem
500 3800 609 3879 copiae
636 3795 707 3861 sint.
752 3795 871 3861 Deinde
898 3795 1158 3864 considerandum
1187 3809 1249 3877 331,
1284 3800 1317 3867 in
1346 3803 1466 3869 ratione

143 3913 182 3957 an
202 3891 235 3955 in
256 3890 374 3975 scripto
395 3890 436 3954 sit
457 3889 679 3955 controversia.
725 3892 803 3954 Nam
826 3889 933 3976 scripti
956 3893 1169 3958 controversia
1192 3905 1239 3960 est
1252 3915 1305 3972 ea,
1329 3919 1408 3981 qnae
1425 3919 1465 3963 ex

143 3984 320 4068 scriptionis
347 4004 462 4070 genere
491 3984 639 4049 nascitur.
684 3985 772 4047 Xlll.
802 3986 877 4049 Eius
906 3994 1010 4051 autem
1041 4008 1176 4070 genera,
1214 4011 1295 4077 quae
1324 4002 1466 4076 separata

142 4088 215 4144 sunt
241 4099 260 4143 a
287 4076 576 4154 constitutionibus,
615 4077 751 4165 quinque
779 4087 860 4143 sunt.
903 4083 978 4144 Nam
1005 4089 1073 4146 tum
1100 4081 1197 4148 verba
1224 4087 1293 4167 ipsa
1319 4084 1503 4151 videnturne

143 4194 213 4239 cum
243 4172 395 4238 sententia
422 4172 581 4258 scriptoris
611 4172 774 4247 dissidere,
812 4181 879 4237 tum
907 4173 989 4239 inter
1016 4195 1050 4239 se
1073 4181 1153 4241 duae
1175 4176 1261 4262 leges
1283 4186 1337 4244 aut
1357 4177 1465 4265 plures

143 4267 336 4351 discrepare,
366 4276 431 4333 tum
453 4266 504 4344 id,
533 4266 618 4353 quod
640 4266 789 4352 scriptum
813 4276 874 4342 est,
898 4267 974 4333 duas
996 4276 1049 4334 aut
1069 4269 1176 4352 plures
1198 4293 1249 4337 res
1271 4271 1461 4355 signiticare3

144 4370 208 4426 tam
231 4383 270 4427 es
292 4382 348 4436 33,
380 4359 465 4449 quod
487 4361 635 4447 scriptum
658 4369 721 4436 est,
756 4359 841 4426 aliud
863 4382 1005 4447 quoque,
1040 4367 1125 4449 quod
1146 4385 1210 4430 non
1231 4367 1380 4450 scriptum
1402 4377 1463 4447 est,

212 4618 255 4668 to.
281 4612 387 4682 aliquia]
408 4617 574 4668 31133111.
602 4639 634 4654 ·-
663 4614 705 4668 te.
730 4619 974 4670 animaduerterunt
991 4643 1002 4657 ·
1019 4644 1032 4657 ·
1048 4620 1207 4679 rettulerunt
1225 4620 1249 4671 u
1268 4623 1373 4677 demean
1399 4625 1463 4678 See.

142 4694 232 4739 eant:
260 4689 493 4740 animadverterint
512 4713 523 4724 -
539 4712 551 4724 ·
568 4687 718 4737 rettulerint
735 4689 858 4739 vestit.
881 4713 908 4725 -
938 4690 981 4739 2³.
1002 4697 1059 4740 turn
1077 4690 1163 4740 PAT:
1193 4694 1327 4744 13331111.
1357 4722 1385 4735 ·-
1418 4698 1463 4750 31.

140 4761 277 4810 otdeornur
295 4759 372 4809 Pax.
393 4783 426 4794 ·-
453 4758 497 4807 2¹1.
515 4761 607 4807 stetten
625 4763 749 4818 expunxit
766 4760 828 4810 Scb.
848 4758 1004 4822 (Utrumque
1022 4763 1113 4810 statim
1131 4766 1223 4813 tuetur
1239 4764 1284 4826 V.)
1304 4792 1335 4803 -
1366 4767 1409 4818 tit.
1429 4771 1465 4818 ste

143 4829 294 4881 3331111.
331 4829 384 4880 itas
402 4830 566 4881 seclusimus.
588 4853 616 4864 -
646 4827 843 4894 3333333313
859 4838 922 4883 eunt
939 4829 1045 4881 PART:
1075 4837 1136 4884 eunt
1152 4841 1280 4899 separato
1298 4835 1329 4889 11.
1357 4862 1390 4877 -
1417 4838 1463 4893 13.

142 4907 199 4954 tane
217 4901 299 4953 aerbo
314 4900 428 4953 PART:
448 4913 507 4952 enne
522 4898 603 4951 33313
620 4897 651 4950 it.
