3232 5392
241 180 304 246 ist
829 173 976 241 TOPICA

242 342 269 407 si
291 361 351 426 ego
374 342 544 425 gravaier,
578 345 631 404 eut
652 338 809 421 ingratum
831 334 864 400 id
886 341 940 400 ant
961 336 1132 420 superbum
1158 332 1331 402 videretur.
1381 334 1471 409 Sed,
1510 328 1587 399 dum

241 435 357 501 luimus
379 454 457 507 una,
480 443 515 500 tu
537 432 672 519 optimus
695 452 729 496 es
751 432 853 503 testis,
878 451 972 516 quam
993 429 1108 495 luerim
1131 440 1322 517 occupatus3
1352 436 1388 497 5.
1414 435 1454 495 ut
1477 436 1589 493 autem

243 551 261 595 a
283 538 314 595 te
336 529 483 605 discessi,
506 531 539 592 in
555 529 719 592 Graeciam
734 523 954 611 proficiscens,
978 546 1049 590 cum
1072 545 1170 607 opera
1192 547 1264 592 mea
1285 546 1348 593 nec
1372 545 1429 592 res
1453 521 1590 611 publica

243 645 301 688 nec
323 622 415 689 amici
438 630 602 686 uterentur
623 642 682 686 nec
704 623 835 685 honeste
857 621 939 684 inter
960 640 1045 685 arma
1066 618 1188 685 versari
1208 639 1362 706 possem,
1394 642 1439 685 ne
1464 616 1496 684 si
1519 624 1589 683 tuto

221 717 369 803 squidem
392 717 424 782 id
446 718 522 783 mihi
544 715 672 790 liceret,
705 723 740 779 ut
762 715 833 779 veni
855 714 976 780 Veliam
997 722 1113 800 tuaque
1136 722 1168 780 et
1189 725 1259 781 tuos
1282 715 1371 793 vidi,
1397 710 1589 781 admonitus

244 813 336 879 huius
358 811 440 876 aeris
462 810 555 875 alieni
577 809 665 876 nolui
687 807 798 874 deesse
820 830 861 874 ne
883 809 993 874 tacitae
1016 808 1143 895 quidem
1165 806 1354 894 flagitationi
1378 816 1471 876 tuae.
1527 808 1590 872 lta·

246 930 308 993 que
332 908 429 982 haec,
467 925 537 970 cunr
560 925 683 970 mecum
704 903 804 969 libros
825 924 890 969 non
911 902 1081 978 haberem,
1115 904 1268 970 memoria
1289 904 1434 993 repetita
1458 903 1497 967 in
1519 902 1588 985 ipra

244 1003 442 1087 navigatione
471 998 644 1084 conscripsi
673 996 793 1084 tibique
824 1021 866 1062 ex
886 997 1001 1063 itinere
1022 996 1114 1075 misi,
1148 1006 1183 1063 ut
1204 1020 1274 1066 mea
1296 1000 1476 1086 diligentia
1498 1016 1587 1063 man·

246 1100 390 1161 datorum
419 1103 545 1160 tuorum
574 1102 605 1158 te
636 1113 782 1179 quoque,
816 1091 875 1157 etsi
898 1091 1094 1158 admonitore
1114 1114 1177 1158 non
1200 1115 1290 1179 eges,
1320 1090 1585 1160 admemoriam

206 1213 236 1253 ro
245 1200 423 1256 nostrarum
446 1208 555 1254 rerum
577 1188 758 1253 excitarem.
803 1189 866 1252 Sed
888 1187 951 1251 iam
973 1195 1097 1272 tompus
1119 1197 1166 1253 est
1187 1192 1226 1254 ad
1248 1190 1296 1266 id,
1328 1191 1423 1277 quod
1447 1184 1585 1253 institui·

245 1306 333 1361 mus,
357 1287 518 1349 accedere.

329 1382 367 1444 ll.
390 1383 422 1444 6.
447 1381 523 1444 Cum
546 1379 648 1443 omnis
667 1378 749 1441 ratio
772 1374 906 1461 diligens
921 1374 1095 1442 disserendi
1110 1376 1188 1443 duas
1201 1375 1316 1445 habeat
1330 1386 1465 1465 partes,
1488 1397 1582 1443 unum

246 1474 444 1549 inveniendi,
467 1473 598 1538 alteram
619 1470 797 1546 indicandi,
821 1470 985 1556 utriusque
1006 1473 1168 1556 princeps,
1192 1480 1227 1536 ut
1246 1471 1325 1538 milri
1341 1473 1481 1559 quidem
1498 1470 1582 1537 vide·

245 1578 312 1644 tur,
348 1568 532 1633 Aristoteles
562 1565 632 1631 luit.
679 1564 775 1630 Stoici
803 1575 907 1631 autem
936 1565 968 1631 in
996 1566 1094 1632 ultera
1117 1566 1378 1633 elaboraverunt:
1419 1565 1580 1633 iudicandi

207 1663 331 1728 rsenim
353 1663 419 1727 vias
443 1661 610 1745 diligenter
631 1658 786 1745 persecuti
808 1668 881 1724 sunt
903 1681 940 1724 ea
963 1663 1106 1738 scientia,
1129 1684 1222 1747 quam
1244 1661 1458 1742 declamaris
1473 1663 1580 1747 appel·

244 1759 324 1837 lant;
347 1755 662 1830 inveniendiartem,
687 1774 768 1841 quae
783 1754 898 1834 τοπική
923 1755 1053 1829 dicitur,
1078 1779 1157 1841 quac
1173 1766 1205 1822 et
1220 1756 1259 1823 ad
1274 1779 1367 1823 nsum
1384 1758 1579 1841 petierent

246 1862 279 1918 et
300 1850 410 1917 ordine
432 1860 561 1916 naturae
584 1858 668 1913 certe
690 1851 796 1936 prior,
825 1858 925 1914 totam
946 1850 1152 1936 reliquemnt.
1197 1858 1229 1919 7.
1253 1857 1318 1920 Nos
1340 1864 1468 1929 cutem,
1499 1873 1578 1939 quo-

245 1951 330 2013 niam
351 1947 539 2030 inutraque
561 1965 682 2010 summa
705 1943 822 2009 utilitas
845 1953 893 2010 est
916 1954 948 2009 et
961 1954 1141 2034 utramque,
1163 1948 1189 2014 si
1207 1951 1269 2016 erit
1283 1952 1405 2023 otium,
1428 1949 1578 2034 persequi

247 2044 438 2126 cogitamus,
468 2036 507 2103 ab
530 2059 584 2115 ea,
615 2057 698 2124 quae
718 2038 808 2124 prior
830 2048 892 2114 est,
921 2040 1093 2107 ordiemur.
1137 2045 1175 2108 Ut
1197 2043 1293 2129 igitur
1314 2062 1431 2109 earum
1452 2063 1575 2121 rerum,

210 2154 329 2224 2⁰qnae
350 2132 554 2199 absconditae
576 2141 664 2208 sunt,
702 2135 915 2198 demonstrato
937 2142 970 2199 et
990 2144 1100 2201 notato
1122 2135 1193 2203 loco
1214 2136 1313 2204 facilis
1335 2137 1484 2205 inventio
1512 2144 1575 2215 en,

248 2237 311 2308 sic,
335 2251 406 2295 cum
427 2228 641 2312 pervestigare
663 2237 882 2312 argumentum
905 2227 1033 2314 aliquod
1055 2232 1215 2307 volumus,
1245 2230 1333 2298 locos
1355 2253 1455 2297 nosse
1478 2229 1575 2297 delio·

248 2347 337 2403 mus3
367 2325 412 2389 sic
434 2322 518 2388 enirn
540 2321 711 2419 appellatae
733 2325 772 2386 ab
796 2321 963 2388 Aristotele
983 2334 1056 2390 sunt
1078 2346 1133 2392 eae
1156 2327 1245 2412 quasi
1267 2329 1376 2401 sedes,
1415 2347 1436 2393 e
1461 2322 1576 2413 quilius

249 2427 433 2504 argumenta
454 2425 652 2504 promuntur.
698 2419 727 2481 8.
758 2418 867 2502 Itaque
895 2416 969 2482 licet
989 2418 1139 2497 definire,
1175 2422 1278 2486 locum
1301 2441 1373 2487 esse
1395 2420 1576 2507 argumenti

250 2519 375 2592 sedem3
410 2520 629 2597 argumentum
662 2520 765 2577 autern
802 2513 991 2586 orationem,
1026 2536 1105 2601 quae
1135 2515 1183 2581 rei
1214 2515 1328 2582 dubiae
1349 2514 1450 2582 saciet
1473 2514 1576 2583 fidem.

211 2625 239 2667 2⁵
250 2608 312 2675 Sed
335 2631 375 2674 ex
395 2610 434 2672 iis
455 2608 547 2680 locis,
576 2605 608 2670 in
631 2608 745 2693 quibus
767 2615 950 2686 argumenta
971 2607 1089 2675 inclusa
1111 2619 1199 2686 sunt,
1227 2611 1281 2678 alii
1301 2614 1336 2676 in
1358 2632 1400 2677 eo
1423 2610 1518 2699 ipso,
1540 2610 1577 2679 dc

249 2726 312 2791 quo
336 2702 455 2788 agitur,
478 2706 632 2778 haerent,
658 2701 710 2767 alii
731 2711 931 2768 assumuntur
953 2706 1157 2777 extrinsecus.
1202 2710 1237 2772 ln
1260 2709 1329 2794 ipso
1351 2714 1421 2772 tum
1438 2727 1483 2771 ex
1498 2714 1575 2784 toto,

249 2810 315 2865 tum
338 2796 541 2883 expertibus
564 2798 646 2872 eius,
679 2807 745 2863 tum
774 2818 815 2862 ex
843 2807 937 2876 nota,
973 2807 1036 2864 tum
1060 2822 1099 2865 ex
1120 2801 1158 2866 iis
1180 2801 1294 2877 rebus,
1329 2822 1414 2888 quae
1438 2803 1575 2888 quodam

249 2897 345 2960 modo
376 2892 505 2988 allectae
535 2901 607 2959 sunt
638 2895 679 2956 ad
706 2891 755 2967 id,
789 2895 828 2957 de
858 2913 921 2977 quo
950 2893 1119 2979 quaeritur.
1175 2897 1381 2961 Extrinsecus
1412 2906 1522 2960 autern
1540 2917 1577 2961 ea

250 2993 424 3066 ducuntur,
457 3010 536 3075 quae
565 2992 677 3053 absunt
705 2989 862 3072 longeque
892 2987 1046 3053 disiuncta
1072 2998 1155 3055 sunt.
1201 2993 1232 3058 9.
1255 2993 1317 3055 Sed
1339 2993 1381 3055 ad
1405 2992 1439 3054 id
1464 2998 1575 3066 totum,

213 3084 376 3169 sedeque
399 3083 581 3156 disseritur,
606 3094 671 3147 tum
694 3080 832 3146 delinitio
855 3084 1038 3157 adhibetur,
1061 3104 1141 3168 qnae
1163 3084 1250 3171 quasi
1264 3085 1445 3150 involutum
1462 3084 1578 3149 evolvit

250 3179 302 3254 id,
326 3182 449 3263 dequo
473 3181 656 3263 quaeritur;
690 3177 758 3241 eius
780 3179 954 3261 argumenti
981 3177 1049 3241 talis
1078 3186 1125 3242 est
1146 3177 1295 3243 formula:
1331 3181 1386 3243 lus
1409 3178 1508 3243 civile
1531 3186 1577 3245 est

251 3272 389 3357 aequitas
411 3272 578 3337 constituta
601 3275 653 3345 iis,
687 3275 741 3356 qui
764 3271 904 3336 eiusdem
927 3272 1058 3337 civitatis
1080 3282 1167 3347 sunt,
1201 3272 1241 3337 ad
1264 3294 1314 3337 res
1336 3294 1409 3340 snas
1434 3275 1578 3339 obtinen-

252 3366 324 3444 das3
348 3366 416 3431 eius
437 3375 541 3431 antem
564 3367 728 3452 aequitatis
751 3366 834 3431 utilis
857 3367 992 3450 cognitio
1009 3374 1074 3431 est:
1098 3366 1182 3432 utillo
1204 3388 1281 3450 crgo
1305 3375 1352 3431 est
1373 3366 1456 3433 iuris
1479 3368 1578 3434 civilis

252 3461 400 3538 scientia3
438 3464 487 3525 10.
519 3469 584 3526 tum
606 3461 741 3546 partium
768 3465 980 3533 enumeratio,
1014 3481 1095 3547 quae
1124 3470 1273 3527 tractatur
1301 3466 1362 3528 hoc
1390 3464 1510 3528 modo:
1543 3463 1577 3529 si

214 3571 240 3612 ³⁵
252 3577 354 3643 neque
377 3577 471 3620 censu
493 3577 550 3620 nec
566 3556 700 3620 vindicta
716 3577 774 3621 nec
796 3564 981 3620 testamento
1005 3554 1086 3620 liber
1107 3554 1206 3622 lactus
1228 3565 1295 3634 est,
1318 3577 1384 3622 non
1403 3566 1455 3623 est
1476 3555 1575 3635 liber;

251 3671 352 3736 neque
375 3649 437 3713 ulla
459 3658 506 3714 est
528 3671 635 3713 earum
658 3671 782 3715 rerum:
819 3670 883 3714 non
904 3658 951 3714 est
972 3649 1070 3735 igitur
1091 3649 1194 3729 liber;
1233 3661 1299 3717 tum
1328 3652 1470 3726 notatio,
1507 3671 1577 3716 cum

252 3767 293 3809 ex
315 3741 403 3808 verbi
424 3745 456 3807 vi
478 3751 695 3828 argumentum
718 3743 844 3830 aliquod
868 3743 1006 3820 elicitur,
1030 3749 1091 3810 lioc
1113 3749 1227 3811 modo:
1268 3747 1345 3809 Cum
1369 3743 1425 3810 lex
1446 3742 1575 3811 assiduo

251 3840 408 3904 vindicem
424 3839 581 3905 assiduum
598 3860 666 3904 esse
680 3838 803 3914 iubeat,
827 3841 1015 3925 locupletem
1029 3843 1118 3905 iubet
1136 3841 1303 3925 locupleti;
1325 3838 1471 3926 locuples
1493 3840 1577 3904 enim

320 4070 346 4120 5.
366 4070 768 4133 quidemidobctetvallaz
794 4072 1011 4133 idqoidemdli.
1045 4097 1072 4107 -
1106 4074 1148 4123 ¹5.
1168 4070 1353 4138 διαλεκτικὴν
1373 4099 1382 4111 ·
1403 4069 1578 4140 -τοκικὴο

252 4141 380 4192 librorum
399 4145 530 4204 resttgits:
551 4142 705 4192 dialecticen
722 4169 733 4179 -
749 4168 761 4178 ·
778 4144 862 4204 topice
881 4156 938 4192 cum
959 4144 1030 4193 tibris
1050 4144 1181 4207 plerisque
1195 4144 1226 4193 li·
1248 4168 1279 4179 -
1300 4145 1342 4194 tii.
1363 4143 1521 4193 inveniendi
1538 4143 1578 4194 ed

252 4212 303 4266 ie,
324 4213 390 4282 Bp:
410 4212 560 4262 inveniendi
579 4226 638 4261 uero
658 4212 712 4265 hii,
732 4213 882 4262 inveniendi
901 4222 987 4263 cutem
1006 4227 1029 4263 c.
1051 4241 1078 4251 -
1101 4228 1166 4277 qtiue
1183 4221 1208 4262 ct
1226 4215 1262 4262 cd
1279 4213 1416 4267 attede.
1439 4213 1479 4262 B:
1502 4226 1580 4276 quoe·

252 4297 299 4347 quc
319 4283 355 4332 od
374 4283 421 4332 ili.
443 4309 475 4318 -
505 4283 546 4332 22.
568 4296 611 4333 ece
630 4282 679 4332 ei:
700 4283 749 4331 icoc
768 4283 787 4331 Ε
808 4297 868 4332 cum
889 4289 982 4334 ceteris
1002 4288 1097 4334 nostris
1118 4293 1221 4345 praeter
1239 4286 1272 4341 d.
1292 4288 1337 4348 qut
1357 4284 1441 4335 hebet
1460 4295 1578 4334 coerce.

254 4377 283 4389 —
304 4353 348 4402 ni.
369 4354 516 4402 orationem
534 4352 595 4410 bc,
628 4352 694 4403 Cod.
724 4352 851 4403 Etnstedt.
877 4353 998 4404 Boiithtt:
1030 4359 1161 4405 rationem
1181 4355 1200 4403 Ε
1220 4369 1280 4404 cnm
1301 4358 1395 4407 ceteris
1415 4358 1527 4404 nocuis.
1548 4381 1577 4393 -

252 4424 295 4472 25.
309 4425 343 4472 its
356 4420 426 4485 (iiis)
439 4435 454 4472 n
465 4422 497 4471 d:
519 4424 558 4472 iic
572 4424 592 4472 E
604 4435 664 4473 curn
678 4428 740 4473 cett.
755 4427 858 4473 nostris.
873 4450 906 4459 -
925 4425 968 4475 27.
988 4428 1064 4474 iisd:
1084 4427 1122 4474 iic
1135 4426 1155 4475 Ε
1170 4438 1228 4475 cum
1243 4432 1304 4475 cett.
1320 4439 1347 4475 n.
1364 4451 1393 4463 -
1415 4424 1462 4474 tiu.
1478 4426 1580 4474 docco·

253 4501 298 4543 tor
316 4494 478 4550 Ascensiur,
497 4493 660 4544 Lambinus:
693 4493 815 4542 dicontur
835 4496 854 4542 Ε
875 4508 934 4544 cum
954 4496 1037 4545 Codd.
1060 4500 1136 4546 notio.
1164 4521 1197 4532 -
1227 4495 1271 4546 33.
1292 4496 1409 4560 cognitio
1427 4502 1467 4545 ert
1487 4495 1580 4545 ebed

254 4570 280 4614 et
299 4575 366 4614 corr·
386 4563 411 4621 i,
432 4563 521 4623 Vallo,
541 4567 605 4614 BV:
634 4572 671 4614 ost
689 4566 801 4628 cognitio
820 4564 885 4622 ΝΕ,
914 4569 1029 4629 cognitio
1049 4580 1087 4626 pr.
1109 4567 1126 4616 i.
1151 4589 1176 4600 -
1210 4580 1272 4630 crgo
1290 4574 1327 4616 est
1345 4565 1476 4624 abcei,
1497 4566 1579 4626 Velis,

254 4634 313 4682 BV:
335 4634 518 4695 crterqodli.
532 4659 562 4671 -
581 4635 769 4684 asmancium
784 4635 950 4686 cedvalla:
969 4637 1246 4699 nequev.beiE.-
1261 4636 1305 4687 36.
1326 4637 1437 4685 nuncet
1454 4636 1578 4692 alredi,

254 4702 346 4758 linita,
367 4705 478 4753 crtuiic
498 4705 550 4754 eil.
580 4730 612 4741 -
641 4705 684 4754 37.
706 4706 967 4765 verbiuiobcdi,
989 4709 1075 4765 Vella,
1096 4709 1158 4756 BV:
1188 4708 1306 4757 viverii
1325 4707 1406 4757 eNE.
1427 4732 1463 4741 -
1493 4707 1579 4765 icco,

254 4772 313 4821 uu=
344 4774 386 4822 tec
403 4775 480 4824 Aelia
499 4774 590 4826 Sentio
608 4775 676 4827 bei.
696 4776 762 4826 item
777 4777 814 4835 Ε,
835 4778 881 4828 sed
902 4779 1008 4828 seclusis
1027 4794 1067 4830 vv.
1082 4779 1156 4828 Aelio
1174 4777 1285 4826 Sentio:
1312 4778 1365 4826 elic
1382 4779 1474 4829 centio
1493 4777 1579 4838 icad5

255 4856 269 4894 e
288 4842 399 4895 Boethio
418 4852 528 4909 apparet
545 4849 757 4912 antiquissimum
776 4861 833 4901 esse
852 4849 988 4913 glossemn.
1009 4848 1062 4900 Cir.
1082 4849 1195 4899 litrksen
1214 4848 1277 4899 ΣΠ.
1299 4847 1395 4913 Toleto
1414 4860 1443 4912 p.
1465 4847 1531 4899 toti.
