<?xml version="1.0" encoding="UTF-8"?>
<!DOCTYPE html PUBLIC "-//W3C//DTD XHTML 1.0 Transitional//EN"
    "http://www.w3.org/TR/xhtml1/DTD/xhtml1-transitional.dtd">
<html xmlns="http://www.w3.org/1999/xhtml" xml:lang="en" lang="en">
 <head>
  <title>
</title>
<meta http-equiv="Content-Type" content="text/html;charset=utf-8" />
  <meta name='ocr-system' content='tesseract 3.04.00' />
  <meta name='ocr-capabilities' content='ocr_page ocr_carea ocr_par ocr_line ocrx_word'/>
</head>
<body>
  <div class='ocr_page' id='page_1' title='image "./operaquaesupers04halmgoog/operaquaesupers04halmgoog_0131.png"; bbox 0 0 3216 5400; ppageno 0'>
   <div class='ocr_carea' id='block_1_1' title="bbox 179 218 992 290">
    <p class='ocr_par' dir='ltr' id='par_1_1' title="bbox 179 218 992 290">
     <span class='ocr_line' id='line_1_1' title="bbox 179 218 992 290; baseline -0.004 -3"><span class='ocrx_word' id='word_1_1' title='bbox 179 223 239 290; x_wconf 82' lang='lat' dir='ltr'>lio</span> <span class='ocrx_word' id='word_1_2' title='bbox 671 218 725 282; x_wconf 84' lang='lat' dir='ltr'>DE</span> <span class='ocrx_word' id='word_1_3' title='bbox 747 218 992 284; x_wconf 85' lang='lat' dir='ltr'>INVENTIONE</span> 
     </span>
    </p>
   </div>
   <div class='ocr_carea' id='block_1_2' title="bbox 80 379 1501 4052">
    <p class='ocr_par' dir='ltr' id='par_1_2' title="bbox 80 379 1501 4052">
     <span class='ocr_line' id='line_1_2' title="bbox 176 379 1498 471; baseline 0 -23"><span class='ocrx_word' id='word_1_4' title='bbox 176 383 318 471; x_wconf 80' lang='lat' dir='ltr'><strong>peperit,</strong></span> <span class='ocrx_word' id='word_1_5' title='bbox 340 381 429 464; x_wconf 83' lang='lat' dir='ltr'>virga</span> <span class='ocrx_word' id='word_1_6' title='bbox 444 399 508 444; x_wconf 93' lang='lat' dir='ltr'>non</span> <span class='ocrx_word' id='word_1_7' title='bbox 529 385 591 442; x_wconf 90' lang='lat' dir='ltr'>est:</span> <span class='ocrx_word' id='word_1_8' title='bbox 614 380 739 463; x_wconf 85' lang='lat' dir='ltr'>peperit</span> <span class='ocrx_word' id='word_1_9' title='bbox 758 385 874 443; x_wconf 88' lang='lat' dir='ltr'>nutem.</span> <span class='ocrx_word' id='word_1_10' title='bbox 919 380 980 444; x_wconf 89' lang='lat' dir='ltr'>Hic</span> <span class='ocrx_word' id='word_1_11' title='bbox 1001 379 1074 443; x_wconf 90' lang='lat' dir='ltr'>satis</span> <span class='ocrx_word' id='word_1_12' title='bbox 1097 399 1165 443; x_wconf 91' lang='lat' dir='ltr'>esse</span> <span class='ocrx_word' id='word_1_13' title='bbox 1189 380 1296 445; x_wconf 92' lang='lat' dir='ltr'>dicunt</span> <span class='ocrx_word' id='word_1_14' title='bbox 1318 400 1498 468; x_wconf 81' lang='lat' dir='ltr'>proponere</span> 
     </span>
     <span class='ocr_line' id='line_1_3' title="bbox 176 471 1499 562; baseline 0.001 -22"><span class='ocrx_word' id='word_1_15' title='bbox 176 483 209 541; x_wconf 88' lang='lat' dir='ltr'>ei</span> <span class='ocrx_word' id='word_1_16' title='bbox 229 496 408 551; x_wconf 89' lang='lat' dir='ltr'>assumere;</span> <span class='ocrx_word' id='word_1_17' title='bbox 433 473 581 559; x_wconf 89' lang='lat' dir='ltr'>quoniam</span> <span class='ocrx_word' id='word_1_18' title='bbox 602 475 803 557; x_wconf 89' lang='lat' dir='ltr'>perspicuum</span> <span class='ocrx_word' id='word_1_19' title='bbox 825 475 886 548; x_wconf 92' lang='lat' dir='ltr'>sit,</span> <span class='ocrx_word' id='word_1_20' title='bbox 911 476 996 559; x_wconf 90' lang='lat' dir='ltr'>qaod</span> <span class='ocrx_word' id='word_1_21' title='bbox 1019 471 1223 550; x_wconf 85' lang='lat' dir='ltr'>conficiatur,</span> <span class='ocrx_word' id='word_1_22' title='bbox 1256 474 1499 562; x_wconf 84' lang='lat' dir='ltr'>[complexionis</span> 
     </span>
     <span class='ocr_line' id='line_1_4' title="bbox 175 564 1500 652; baseline 0 -17"><span class='ocrx_word' id='word_1_23' title='bbox 175 592 244 636; x_wconf 88' lang='lat' dir='ltr'>rem</span> <span class='ocrx_word' id='word_1_24' title='bbox 266 590 330 635; x_wconf 92' lang='lat' dir='ltr'>non</span> <span class='ocrx_word' id='word_1_25' title='bbox 351 564 515 652; x_wconf 84' lang='lat' dir='ltr'>indigere].</span> <span class='ocrx_word' id='word_1_26' title='bbox 559 569 657 633; x_wconf 91' lang='lat' dir='ltr'>Nobis</span> <span class='ocrx_word' id='word_1_27' title='bbox 686 575 790 631; x_wconf 91' lang='lat' dir='ltr'>autem</span> <span class='ocrx_word' id='word_1_28' title='bbox 819 564 946 631; x_wconf 88' lang='lat' dir='ltr'>videtur</span> <span class='ocrx_word' id='word_1_29' title='bbox 973 577 1005 632; x_wconf 91' lang='lat' dir='ltr'>et</span> <span class='ocrx_word' id='word_1_30' title='bbox 1031 570 1132 632; x_wconf 91' lang='lat' dir='ltr'>omnis</span> <span class='ocrx_word' id='word_1_31' title='bbox 1154 570 1348 634; x_wconf 75' lang='lat' dir='ltr'>ratiocinatio</span> <span class='ocrx_word' id='word_1_32' title='bbox 1372 571 1500 635; x_wconf 92' lang='lat' dir='ltr'>conclu·</span> 
     </span>
     <span class='ocr_line' id='line_1_5' title="bbox 176 660 1496 749; baseline 0.001 -22"><span class='ocrx_word' id='word_1_33' title='bbox 176 665 278 728; x_wconf 90' lang='lat' dir='ltr'>denda</span> <span class='ocrx_word' id='word_1_34' title='bbox 300 686 368 728; x_wconf 92' lang='lat' dir='ltr'>esse</span> <span class='ocrx_word' id='word_1_35' title='bbox 390 671 422 727; x_wconf 93' lang='lat' dir='ltr'>et</span> <span class='ocrx_word' id='word_1_36' title='bbox 443 662 519 726; x_wconf 90' lang='lat' dir='ltr'>illud</span> <span class='ocrx_word' id='word_1_37' title='bbox 541 661 668 738; x_wconf 83' lang='lat' dir='ltr'>vitium,</span> <span class='ocrx_word' id='word_1_38' title='bbox 691 665 775 749; x_wconf 83' lang='lat' dir='ltr'>quod</span> <span class='ocrx_word' id='word_1_39' title='bbox 799 661 859 726; x_wconf 89' lang='lat' dir='ltr'>illis</span> <span class='ocrx_word' id='word_1_40' title='bbox 881 660 1043 744; x_wconf 88' lang='lat' dir='ltr'>displicet,</span> <span class='ocrx_word' id='word_1_41' title='bbox 1069 683 1183 745; x_wconf 89' lang='lat' dir='ltr'>magno</span> <span class='ocrx_word' id='word_1_42' title='bbox 1207 684 1304 748; x_wconf 89' lang='lat' dir='ltr'>opere</span> <span class='ocrx_word' id='word_1_43' title='bbox 1320 667 1496 741; x_wconf 82' lang='lat' dir='ltr'>vitandum,</span> 
     </span>
     <span class='ocr_line' id='line_1_6' title="bbox 153 754 1500 844; baseline 0.001 -22"><span class='ocrx_word' id='word_1_44' title='bbox 153 766 236 833; x_wconf 67' lang='lat' dir='ltr'>ine,</span> <span class='ocrx_word' id='word_1_45' title='bbox 266 754 350 841; x_wconf 90' lang='lat' dir='ltr'>quod</span> <span class='ocrx_word' id='word_1_46' title='bbox 377 758 576 844; x_wconf 90' lang='lat' dir='ltr'>perspicuum</span> <span class='ocrx_word' id='word_1_47' title='bbox 605 759 667 833; x_wconf 89' lang='lat' dir='ltr'>sit,</span> <span class='ocrx_word' id='word_1_48' title='bbox 700 758 734 819; x_wconf 93' lang='lat' dir='ltr'>id</span> <span class='ocrx_word' id='word_1_49' title='bbox 764 757 797 819; x_wconf 92' lang='lat' dir='ltr'>in</span> <span class='ocrx_word' id='word_1_50' title='bbox 828 757 1080 841; x_wconf 88' lang='lat' dir='ltr'>complexionem</span> <span class='ocrx_word' id='word_1_51' title='bbox 1112 758 1295 822; x_wconf 85' lang='lat' dir='ltr'>inieramus.</span> <span class='ocrx_word' id='word_1_52' title='bbox 1340 761 1392 823; x_wconf 85' lang='grc'>73.</span> <span class='ocrx_word' id='word_1_53' title='bbox 1429 763 1500 824; x_wconf 89' lang='lat' dir='ltr'>lloc</span> 
     </span>
     <span class='ocr_line' id='line_1_7' title="bbox 174 849 1501 938; baseline 0.001 -21"><span class='ocrx_word' id='word_1_54' title='bbox 174 861 280 917; x_wconf 89' lang='lat' dir='ltr'>autem</span> <span class='ocrx_word' id='word_1_55' title='bbox 305 849 373 916; x_wconf 87' lang='lat' dir='ltr'>fieri</span> <span class='ocrx_word' id='word_1_56' title='bbox 403 850 533 938; x_wconf 88' lang='lat' dir='ltr'>poterit,</span> <span class='ocrx_word' id='word_1_57' title='bbox 573 850 601 916; x_wconf 89' lang='lat' dir='ltr'>si</span> <span class='ocrx_word' id='word_1_58' title='bbox 627 852 881 937; x_wconf 83' lang='lat' dir='ltr'>complexionum</span> <span class='ocrx_word' id='word_1_59' title='bbox 911 871 1028 933; x_wconf 89' lang='lat' dir='ltr'>genera</span> <span class='ocrx_word' id='word_1_60' title='bbox 1056 849 1280 935; x_wconf 77' lang='lat' dir='ltr'>intelligentur.</span> <span class='ocrx_word' id='word_1_61' title='bbox 1334 855 1412 916; x_wconf 90' lang='lat' dir='ltr'>Nam</span> <span class='ocrx_word' id='word_1_62' title='bbox 1444 863 1501 918; x_wconf 92' lang='lat' dir='ltr'>aut</span> 
     </span>
     <span class='ocr_line' id='line_1_8' title="bbox 174 942 1500 1033; baseline -0.002 -20"><span class='ocrx_word' id='word_1_63' title='bbox 174 947 218 1013; x_wconf 89' lang='lat' dir='ltr'>ita</span> <span class='ocrx_word' id='word_1_64' title='bbox 240 946 500 1033; x_wconf 86' lang='lat' dir='ltr'>complectemur,</span> <span class='ocrx_word' id='word_1_65' title='bbox 522 946 609 1010; x_wconf 91' lang='lat' dir='ltr'>utin</span> <span class='ocrx_word' id='word_1_66' title='bbox 631 966 729 1011; x_wconf 92' lang='lat' dir='ltr'>unum</span> <span class='ocrx_word' id='word_1_67' title='bbox 751 942 961 1009; x_wconf 92' lang='lat' dir='ltr'>conducamus</span> <span class='ocrx_word' id='word_1_68' title='bbox 984 943 1235 1029; x_wconf 89' lang='lat' dir='ltr'>propositionem</span> <span class='ocrx_word' id='word_1_69' title='bbox 1257 954 1289 1009; x_wconf 90' lang='lat' dir='ltr'>et</span> <span class='ocrx_word' id='word_1_70' title='bbox 1310 949 1500 1033; x_wconf 91' lang='lat' dir='ltr'>assumptio·</span> 
     </span>
     <span class='ocr_line' id='line_1_9' title="bbox 174 1039 1499 1124; baseline 0 -17"><span class='ocrx_word' id='word_1_71' title='bbox 174 1064 268 1118; x_wconf 89' lang='lat' dir='ltr'>nem,</span> <span class='ocrx_word' id='word_1_72' title='bbox 292 1043 354 1106; x_wconf 91' lang='lat' dir='ltr'>boc</span> <span class='ocrx_word' id='word_1_73' title='bbox 374 1044 492 1107; x_wconf 87' lang='lat' dir='ltr'>modo:</span> <span class='ocrx_word' id='word_1_74' title='bbox 518 1041 640 1118; x_wconf 86' lang='lat' dir='ltr'>Quodsi</span> <span class='ocrx_word' id='word_1_75' title='bbox 661 1039 748 1124; x_wconf 91' lang='lat' dir='ltr'>leges</span> <span class='ocrx_word' id='word_1_76' title='bbox 770 1060 880 1103; x_wconf 92' lang='lat' dir='ltr'>omnes</span> <span class='ocrx_word' id='word_1_77' title='bbox 902 1041 941 1102; x_wconf 92' lang='lat' dir='ltr'>ad</span> <span class='ocrx_word' id='word_1_78' title='bbox 963 1040 1126 1103; x_wconf 81' lang='lat' dir='ltr'>utilitatem</span> <span class='ocrx_word' id='word_1_79' title='bbox 1149 1039 1199 1104; x_wconf 90' lang='lat' dir='ltr'>rei</span> <span class='ocrx_word' id='word_1_80' title='bbox 1219 1039 1363 1123; x_wconf 90' lang='lat' dir='ltr'>publicae</span> <span class='ocrx_word' id='word_1_81' title='bbox 1384 1040 1499 1107; x_wconf 88' lang='lat' dir='ltr'>reierri</span> 
     </span>
     <span class='ocr_line' id='line_1_10' title="bbox 175 1133 1499 1220; baseline -0.001 -19"><span class='ocrx_word' id='word_1_82' title='bbox 175 1138 341 1211; x_wconf 84' lang='lat' dir='ltr'>convenit,</span> <span class='ocrx_word' id='word_1_83' title='bbox 374 1137 427 1200; x_wconf 92' lang='lat' dir='ltr'>bic</span> <span class='ocrx_word' id='word_1_84' title='bbox 455 1144 559 1201; x_wconf 88' lang='lat' dir='ltr'>autem</span> <span class='ocrx_word' id='word_1_85' title='bbox 589 1134 680 1200; x_wconf 92' lang='lat' dir='ltr'>saluti</span> <span class='ocrx_word' id='word_1_86' title='bbox 708 1136 756 1199; x_wconf 91' lang='lat' dir='ltr'>rei</span> <span class='ocrx_word' id='word_1_87' title='bbox 784 1134 929 1219; x_wconf 92' lang='lat' dir='ltr'>publicae</span> <span class='ocrx_word' id='word_1_88' title='bbox 958 1133 1094 1219; x_wconf 86' lang='lat' dir='ltr'>proluit,</span> <span class='ocrx_word' id='word_1_89' title='bbox 1128 1133 1271 1217; x_wconf 87' lang='lat' dir='ltr'>proiecto</span> <span class='ocrx_word' id='word_1_90' title='bbox 1300 1157 1365 1200; x_wconf 94' lang='lat' dir='ltr'>non</span> <span class='ocrx_word' id='word_1_91' title='bbox 1394 1144 1499 1220; x_wconf 89' lang='lat' dir='ltr'>potest</span> 
     </span>
     <span class='ocr_line' id='line_1_11' title="bbox 136 1227 1497 1317; baseline 0 -21"><span class='ocrx_word' id='word_1_92' title='bbox 136 1233 288 1296; x_wconf 85' lang='lat' dir='ltr'>1⁰eodem</span> <span class='ocrx_word' id='word_1_93' title='bbox 309 1229 391 1295; x_wconf 88' lang='lat' dir='ltr'>lacto</span> <span class='ocrx_word' id='word_1_94' title='bbox 414 1236 446 1295; x_wconf 92' lang='lat' dir='ltr'>et</span> <span class='ocrx_word' id='word_1_95' title='bbox 467 1229 559 1295; x_wconf 91' lang='lat' dir='ltr'>saluti</span> <span class='ocrx_word' id='word_1_96' title='bbox 581 1228 741 1294; x_wconf 93' lang='lat' dir='ltr'>communi</span> <span class='ocrx_word' id='word_1_97' title='bbox 762 1227 955 1294; x_wconf 92' lang='lat' dir='ltr'>consuluisse</span> <span class='ocrx_word' id='word_1_98' title='bbox 978 1236 1010 1292; x_wconf 91' lang='lat' dir='ltr'>et</span> <span class='ocrx_word' id='word_1_99' title='bbox 1028 1230 1151 1313; x_wconf 87' lang='lat' dir='ltr'>legibus</span> <span class='ocrx_word' id='word_1_100' title='bbox 1165 1252 1230 1295; x_wconf 92' lang='lat' dir='ltr'>non</span> <span class='ocrx_word' id='word_1_101' title='bbox 1244 1234 1497 1317; x_wconf 81' lang='lat' dir='ltr'>obtemperasse:</span> 
     </span>
     <span class='ocr_line' id='line_1_12' title="bbox 173 1323 1498 1409; baseline -0.002 -18"><span class='ocrx_word' id='word_1_102' title='bbox 173 1333 228 1391; x_wconf 86' lang='lat' dir='ltr'>aut</span> <span class='ocrx_word' id='word_1_103' title='bbox 248 1326 306 1400; x_wconf 90' lang='lat' dir='ltr'>ita,</span> <span class='ocrx_word' id='word_1_104' title='bbox 329 1333 363 1391; x_wconf 92' lang='lat' dir='ltr'>ut</span> <span class='ocrx_word' id='word_1_105' title='bbox 385 1347 425 1389; x_wconf 90' lang='lat' dir='ltr'>ex</span> <span class='ocrx_word' id='word_1_106' title='bbox 447 1327 605 1390; x_wconf 88' lang='lat' dir='ltr'>contrario</span> <span class='ocrx_word' id='word_1_107' title='bbox 627 1325 812 1389; x_wconf 85' lang='lat' dir='ltr'>conficiatur</span> <span class='ocrx_word' id='word_1_108' title='bbox 833 1323 1003 1395; x_wconf 89' lang='lat' dir='ltr'>sententia,</span> <span class='ocrx_word' id='word_1_109' title='bbox 1026 1324 1088 1387; x_wconf 92' lang='lat' dir='ltr'>boc</span> <span class='ocrx_word' id='word_1_110' title='bbox 1109 1325 1228 1387; x_wconf 91' lang='lat' dir='ltr'>modo:</span> <span class='ocrx_word' id='word_1_111' title='bbox 1254 1326 1382 1390; x_wconf 87' lang='lat' dir='ltr'>Summa</span> <span class='ocrx_word' id='word_1_112' title='bbox 1403 1326 1498 1409; x_wconf 83' lang='lat' dir='ltr'>igitur</span> 
     </span>
     <span class='ocr_line' id='line_1_13' title="bbox 174 1415 1497 1505; baseline -0.001 -20"><span class='ocrx_word' id='word_1_113' title='bbox 174 1419 310 1485; x_wconf 91' lang='lat' dir='ltr'>amentia</span> <span class='ocrx_word' id='word_1_114' title='bbox 331 1421 431 1485; x_wconf 92' lang='lat' dir='ltr'>estin</span> <span class='ocrx_word' id='word_1_115' title='bbox 454 1441 564 1483; x_wconf 91' lang='lat' dir='ltr'>eorum</span> <span class='ocrx_word' id='word_1_116' title='bbox 586 1417 648 1484; x_wconf 90' lang='lat' dir='ltr'>lide</span> <span class='ocrx_word' id='word_1_117' title='bbox 669 1439 758 1503; x_wconf 90' lang='lat' dir='ltr'>spem</span> <span class='ocrx_word' id='word_1_118' title='bbox 780 1416 914 1491; x_wconf 90' lang='lat' dir='ltr'>babere,</span> <span class='ocrx_word' id='word_1_119' title='bbox 937 1438 1071 1503; x_wconf 87' lang='lat' dir='ltr'>quonum</span> <span class='ocrx_word' id='word_1_120' title='bbox 1087 1415 1218 1503; x_wconf 89' lang='lat' dir='ltr'>perfidia</span> <span class='ocrx_word' id='word_1_121' title='bbox 1240 1423 1332 1484; x_wconf 91' lang='lat' dir='ltr'>toties</span> <span class='ocrx_word' id='word_1_122' title='bbox 1348 1423 1497 1505; x_wconf 91' lang='lat' dir='ltr'>deceptus</span> 
     </span>
     <span class='ocr_line' id='line_1_14' title="bbox 174 1509 1496 1600; baseline -0.001 -19"><span class='ocrx_word' id='word_1_123' title='bbox 174 1515 233 1581; x_wconf 85' lang='lat' dir='ltr'>sis:</span> <span class='ocrx_word' id='word_1_124' title='bbox 265 1521 318 1578; x_wconf 93' lang='lat' dir='ltr'>aut</span> <span class='ocrx_word' id='word_1_125' title='bbox 338 1513 398 1589; x_wconf 90' lang='lat' dir='ltr'>ita,</span> <span class='ocrx_word' id='word_1_126' title='bbox 419 1522 456 1579; x_wconf 89' lang='lat' dir='ltr'>ut</span> <span class='ocrx_word' id='word_1_127' title='bbox 476 1514 509 1577; x_wconf 91' lang='lat' dir='ltr'>id</span> <span class='ocrx_word' id='word_1_128' title='bbox 530 1515 652 1590; x_wconf 91' lang='lat' dir='ltr'>solum,</span> <span class='ocrx_word' id='word_1_129' title='bbox 676 1515 762 1600; x_wconf 86' lang='lat' dir='ltr'>quod</span> <span class='ocrx_word' id='word_1_130' title='bbox 784 1509 964 1587; x_wconf 87' lang='lat' dir='ltr'>coniicitur,</span> <span class='ocrx_word' id='word_1_131' title='bbox 987 1509 1156 1585; x_wconf 81' lang='lat' dir='ltr'>inseratur,</span> <span class='ocrx_word' id='word_1_132' title='bbox 1179 1515 1324 1579; x_wconf 88' lang='lat' dir='ltr'>adhunc</span> <span class='ocrx_word' id='word_1_133' title='bbox 1347 1517 1496 1580; x_wconf 90' lang='lat' dir='ltr'>modum:</span> 
     </span>
     <span class='ocr_line' id='line_1_15' title="bbox 173 1604 1495 1694; baseline -0.002 -19"><span class='ocrx_word' id='word_1_134' title='bbox 173 1610 288 1674; x_wconf 91' lang='lat' dir='ltr'>Urbem</span> <span class='ocrx_word' id='word_1_135' title='bbox 311 1607 408 1692; x_wconf 89' lang='lat' dir='ltr'>igitur</span> <span class='ocrx_word' id='word_1_136' title='bbox 428 1610 606 1674; x_wconf 88' lang='lat' dir='ltr'>diruamus:</span> <span class='ocrx_word' id='word_1_137' title='bbox 642 1615 710 1682; x_wconf 88' lang='lat' dir='ltr'>aul,</span> <span class='ocrx_word' id='word_1_138' title='bbox 742 1614 778 1671; x_wconf 94' lang='lat' dir='ltr'>ut</span> <span class='ocrx_word' id='word_1_139' title='bbox 799 1609 849 1681; x_wconf 96' lang='lat' dir='ltr'>id,</span> <span class='ocrx_word' id='word_1_140' title='bbox 884 1604 969 1691; x_wconf 89' lang='lat' dir='ltr'>quod</span> <span class='ocrx_word' id='word_1_141' title='bbox 997 1626 1065 1671; x_wconf 90' lang='lat' dir='ltr'>eam</span> <span class='ocrx_word' id='word_1_142' title='bbox 1094 1628 1177 1684; x_wconf 91' lang='lat' dir='ltr'>rem,</span> <span class='ocrx_word' id='word_1_143' title='bbox 1210 1628 1291 1694; x_wconf 88' lang='lat' dir='ltr'>quae</span> <span class='ocrx_word' id='word_1_144' title='bbox 1320 1605 1495 1683; x_wconf 85' lang='lat' dir='ltr'>coniicitur,</span> 
     </span>
     <span class='ocr_line' id='line_1_16' title="bbox 135 1699 1498 1791; baseline 0.001 -25"><span class='ocrx_word' id='word_1_145' title='bbox 135 1712 323 1791; x_wconf 79' lang='lat' dir='ltr'>assequatur</span> <span class='ocrx_word' id='word_1_146' title='bbox 343 1723 472 1767; x_wconf 89' lang='lat' dir='ltr'>necesse</span> <span class='ocrx_word' id='word_1_147' title='bbox 496 1710 553 1766; x_wconf 92' lang='lat' dir='ltr'>est.</span> <span class='ocrx_word' id='word_1_148' title='bbox 599 1703 634 1765; x_wconf 98' lang='lat' dir='ltr'>ld</span> <span class='ocrx_word' id='word_1_149' title='bbox 658 1710 707 1765; x_wconf 89' lang='lat' dir='ltr'>est</span> <span class='ocrx_word' id='word_1_150' title='bbox 727 1699 924 1766; x_wconf 89' lang='lat' dir='ltr'>huiusmodi:</span> <span class='ocrx_word' id='word_1_151' title='bbox 961 1700 993 1762; x_wconf 88' lang='lat' dir='ltr'>Si</span> <span class='ocrx_word' id='word_1_152' title='bbox 1016 1701 1160 1785; x_wconf 89' lang='lat' dir='ltr'>peperit,</span> <span class='ocrx_word' id='word_1_153' title='bbox 1191 1721 1262 1768; x_wconf 93' lang='lat' dir='ltr'>cum</span> <span class='ocrx_word' id='word_1_154' title='bbox 1289 1703 1359 1768; x_wconf 78' lang='lat' dir='ltr'>viro</span> <span class='ocrx_word' id='word_1_155' title='bbox 1382 1724 1498 1768; x_wconf 91' lang='lat' dir='ltr'>concu-</span> 
     </span>
     <span class='ocr_line' id='line_1_17' title="bbox 173 1792 1497 1884; baseline -0.002 -22"><span class='ocrx_word' id='word_1_156' title='bbox 173 1794 262 1863; x_wconf 88' lang='lat' dir='ltr'>buit:</span> <span class='ocrx_word' id='word_1_157' title='bbox 283 1799 407 1884; x_wconf 85' lang='lat' dir='ltr'>peperit</span> <span class='ocrx_word' id='word_1_158' title='bbox 428 1805 543 1863; x_wconf 88' lang='lat' dir='ltr'>autem.</span> <span class='ocrx_word' id='word_1_159' title='bbox 590 1794 761 1860; x_wconf 86' lang='lat' dir='ltr'>Conficitur</span> <span class='ocrx_word' id='word_1_160' title='bbox 782 1798 866 1859; x_wconf 88' lang='lat' dir='ltr'>boc:</span> <span class='ocrx_word' id='word_1_161' title='bbox 896 1792 1073 1860; x_wconf 84' lang='lat' dir='ltr'>Concubuit</span> <span class='ocrx_word' id='word_1_162' title='bbox 1094 1794 1190 1878; x_wconf 87' lang='lat' dir='ltr'>igitur</span> <span class='ocrx_word' id='word_1_163' title='bbox 1211 1818 1282 1862; x_wconf 91' lang='lat' dir='ltr'>cum</span> <span class='ocrx_word' id='word_1_164' title='bbox 1305 1799 1384 1866; x_wconf 89' lang='lat' dir='ltr'>viro.</span> <span class='ocrx_word' id='word_1_165' title='bbox 1427 1798 1497 1860; x_wconf 87' lang='lat' dir='ltr'>Hoc</span> 
     </span>
     <span class='ocr_line' id='line_1_18' title="bbox 174 1887 1499 1977; baseline -0.003 -21"><span class='ocrx_word' id='word_1_166' title='bbox 174 1892 202 1956; x_wconf 91' lang='lat' dir='ltr'>si</span> <span class='ocrx_word' id='word_1_167' title='bbox 223 1893 304 1956; x_wconf 88' lang='lat' dir='ltr'>nolis</span> <span class='ocrx_word' id='word_1_168' title='bbox 327 1890 443 1955; x_wconf 88' lang='lat' dir='ltr'>inlerre</span> <span class='ocrx_word' id='word_1_169' title='bbox 465 1898 497 1954; x_wconf 94' lang='lat' dir='ltr'>et</span> <span class='ocrx_word' id='word_1_170' title='bbox 517 1887 634 1955; x_wconf 87' lang='lat' dir='ltr'>inieras</span> <span class='ocrx_word' id='word_1_171' title='bbox 656 1891 709 1964; x_wconf 92' lang='lat' dir='ltr'>id,</span> <span class='ocrx_word' id='word_1_172' title='bbox 734 1893 818 1977; x_wconf 91' lang='lat' dir='ltr'>quod</span> <span class='ocrx_word' id='word_1_173' title='bbox 841 1890 999 1974; x_wconf 90' lang='lat' dir='ltr'>sequitur:</span> <span class='ocrx_word' id='word_1_174' title='bbox 1035 1888 1121 1952; x_wconf 86' lang='lat' dir='ltr'>Fecit</span> <span class='ocrx_word' id='word_1_175' title='bbox 1142 1889 1238 1973; x_wconf 87' lang='lat' dir='ltr'>igitur</span> <span class='ocrx_word' id='word_1_176' title='bbox 1258 1890 1432 1969; x_wconf 90' lang='lat' dir='ltr'>incestum;</span> <span class='ocrx_word' id='word_1_177' title='bbox 1467 1897 1499 1954; x_wconf 90' lang='lat' dir='ltr'>et</span> 
     </span>
     <span class='ocr_line' id='line_1_19' title="bbox 175 1981 1495 2069; baseline -0.002 -19"><span class='ocrx_word' id='word_1_178' title='bbox 175 1987 366 2050; x_wconf 89' lang='lat' dir='ltr'>concluseris</span> <span class='ocrx_word' id='word_1_179' title='bbox 388 1983 689 2069; x_wconf 78' lang='lat' dir='ltr'>argumentationem</span> <span class='ocrx_word' id='word_1_180' title='bbox 713 1992 744 2047; x_wconf 94' lang='lat' dir='ltr'>et</span> <span class='ocrx_word' id='word_1_181' title='bbox 764 1985 963 2069; x_wconf 91' lang='lat' dir='ltr'>perspicuam</span> <span class='ocrx_word' id='word_1_182' title='bbox 984 1981 1103 2066; x_wconf 82' lang='lat' dir='ltr'>fugeris</span> <span class='ocrx_word' id='word_1_183' title='bbox 1132 1983 1396 2067; x_wconf 85' lang='lat' dir='ltr'>complexionem.</span> <span class='ocrx_word' id='word_1_184' title='bbox 1442 1984 1495 2047; x_wconf 75' lang='lat' dir='ltr'>ii.</span> 
     </span>
     <span class='ocr_line' id='line_1_20' title="bbox 175 2075 1497 2162; baseline -0.002 -17"><span class='ocrx_word' id='word_1_185' title='bbox 175 2080 281 2158; x_wconf 82' lang='lat' dir='ltr'>Quare</span> <span class='ocrx_word' id='word_1_186' title='bbox 310 2078 343 2143; x_wconf 89' lang='lat' dir='ltr'>in</span> <span class='ocrx_word' id='word_1_187' title='bbox 372 2077 474 2162; x_wconf 87' lang='lat' dir='ltr'>longis</span> <span class='ocrx_word' id='word_1_188' title='bbox 500 2076 821 2161; x_wconf 82' lang='lat' dir='ltr'>argumentationibus</span> <span class='ocrx_word' id='word_1_189' title='bbox 849 2097 888 2141; x_wconf 88' lang='lat' dir='ltr'>ex</span> <span class='ocrx_word' id='word_1_190' title='bbox 914 2075 1174 2142; x_wconf 89' lang='lat' dir='ltr'>conductionibus</span> <span class='ocrx_word' id='word_1_191' title='bbox 1203 2088 1257 2144; x_wconf 88' lang='lat' dir='ltr'>aut</span> <span class='ocrx_word' id='word_1_192' title='bbox 1277 2101 1317 2144; x_wconf 92' lang='lat' dir='ltr'>ex</span> <span class='ocrx_word' id='word_1_193' title='bbox 1339 2081 1497 2144; x_wconf 90' lang='lat' dir='ltr'>contrario</span> 
     </span>
     <span class='ocr_line' id='line_1_21' title="bbox 136 2169 1498 2259; baseline 0.001 -23"><span class='ocrx_word' id='word_1_194' title='bbox 136 2194 167 2254; x_wconf 75' lang='lat' dir='ltr'>sp</span> <span class='ocrx_word' id='word_1_195' title='bbox 175 2174 342 2257; x_wconf 91' lang='lat' dir='ltr'>complecti</span> <span class='ocrx_word' id='word_1_196' title='bbox 364 2179 510 2259; x_wconf 75' lang='lat' dir='ltr'>oportet,</span> <span class='ocrx_word' id='word_1_197' title='bbox 535 2174 567 2236; x_wconf 94' lang='lat' dir='ltr'>in</span> <span class='ocrx_word' id='word_1_198' title='bbox 589 2169 738 2237; x_wconf 85' lang='lat' dir='ltr'>brevibus</span> <span class='ocrx_word' id='word_1_199' title='bbox 759 2174 791 2235; x_wconf 97' lang='lat' dir='ltr'>id</span> <span class='ocrx_word' id='word_1_200' title='bbox 813 2173 932 2244; x_wconf 87' lang='lat' dir='ltr'>solum,</span> <span class='ocrx_word' id='word_1_201' title='bbox 955 2170 1041 2257; x_wconf 87' lang='lat' dir='ltr'>quod</span> <span class='ocrx_word' id='word_1_202' title='bbox 1062 2170 1241 2249; x_wconf 91' lang='lat' dir='ltr'>coniicitur,</span> <span class='ocrx_word' id='word_1_203' title='bbox 1264 2195 1441 2256; x_wconf 90' lang='lat' dir='ltr'>exponerc;</span> <span class='ocrx_word' id='word_1_204' title='bbox 1466 2173 1498 2237; x_wconf 92' lang='lat' dir='ltr'>in</span> 
     </span>
     <span class='ocr_line' id='line_1_22' title="bbox 173 2267 1498 2355; baseline -0.002 -20"><span class='ocrx_word' id='word_1_205' title='bbox 173 2268 233 2345; x_wconf 89' lang='lat' dir='ltr'>iis,</span> <span class='ocrx_word' id='word_1_206' title='bbox 256 2271 289 2332; x_wconf 94' lang='lat' dir='ltr'>in</span> <span class='ocrx_word' id='word_1_207' title='bbox 311 2269 424 2355; x_wconf 90' lang='lat' dir='ltr'>quibus</span> <span class='ocrx_word' id='word_1_208' title='bbox 446 2269 546 2334; x_wconf 90' lang='lat' dir='ltr'>exitus</span> <span class='ocrx_word' id='word_1_209' title='bbox 568 2268 754 2351; x_wconf 91' lang='lat' dir='ltr'>perspicuus</span> <span class='ocrx_word' id='word_1_210' title='bbox 776 2272 836 2339; x_wconf 93' lang='lat' dir='ltr'>est,</span> <span class='ocrx_word' id='word_1_211' title='bbox 859 2267 1080 2331; x_wconf 92' lang='lat' dir='ltr'>consecutione</span> <span class='ocrx_word' id='word_1_212' title='bbox 1101 2269 1157 2341; x_wconf 91' lang='lat' dir='ltr'>uti,</span> <span class='ocrx_word' id='word_1_213' title='bbox 1202 2269 1233 2332; x_wconf 93' lang='lat' dir='ltr'>Si</span> <span class='ocrx_word' id='word_1_214' title='bbox 1256 2270 1310 2355; x_wconf 88' lang='lat' dir='ltr'>qui</span> <span class='ocrx_word' id='word_1_215' title='bbox 1332 2276 1436 2333; x_wconf 90' lang='lat' dir='ltr'>autem</span> <span class='ocrx_word' id='word_1_216' title='bbox 1458 2290 1498 2333; x_wconf 91' lang='lat' dir='ltr'>ex</span> 
     </span>
     <span class='ocr_line' id='line_1_23' title="bbox 173 2362 1497 2449; baseline -0.001 -20"><span class='ocrx_word' id='word_1_217' title='bbox 173 2384 236 2431; x_wconf 91' lang='lat' dir='ltr'>una</span> <span class='ocrx_word' id='word_1_218' title='bbox 259 2383 385 2449; x_wconf 89' lang='lat' dir='ltr'>quoque</span> <span class='ocrx_word' id='word_1_219' title='bbox 407 2370 496 2448; x_wconf 87' lang='lat' dir='ltr'>parte</span> <span class='ocrx_word' id='word_1_220' title='bbox 517 2365 671 2447; x_wconf 86' lang='lat' dir='ltr'>putabunt</span> <span class='ocrx_word' id='word_1_221' title='bbox 693 2369 835 2425; x_wconf 91' lang='lat' dir='ltr'>constare</span> <span class='ocrx_word' id='word_1_222' title='bbox 857 2362 1176 2444; x_wconf 83' lang='lat' dir='ltr'>argumentationem,</span> <span class='ocrx_word' id='word_1_223' title='bbox 1213 2371 1360 2448; x_wconf 92' lang='lat' dir='ltr'>poterunt</span> <span class='ocrx_word' id='word_1_224' title='bbox 1390 2366 1497 2428; x_wconf 91' lang='lat' dir='ltr'>dicere</span> 
     </span>
     <span class='ocr_line' id='line_1_24' title="bbox 173 2456 1496 2545; baseline -0.002 -22"><span class='ocrx_word' id='word_1_225' title='bbox 173 2477 267 2541; x_wconf 87' lang='lat' dir='ltr'>saepe</span> <span class='ocrx_word' id='word_1_226' title='bbox 296 2458 369 2522; x_wconf 92' lang='lat' dir='ltr'>satis</span> <span class='ocrx_word' id='word_1_227' title='bbox 399 2478 467 2521; x_wconf 90' lang='lat' dir='ltr'>esse</span> <span class='ocrx_word' id='word_1_228' title='bbox 489 2459 551 2520; x_wconf 89' lang='lat' dir='ltr'>boc</span> <span class='ocrx_word' id='word_1_229' title='bbox 572 2460 667 2521; x_wconf 91' lang='lat' dir='ltr'>modo</span> <span class='ocrx_word' id='word_1_230' title='bbox 691 2456 995 2539; x_wconf 87' lang='lat' dir='ltr'>argumentationem</span> <span class='ocrx_word' id='word_1_231' title='bbox 1016 2456 1142 2520; x_wconf 84' lang='lat' dir='ltr'>iaceres</span> <span class='ocrx_word' id='word_1_232' title='bbox 1183 2458 1338 2534; x_wconf 87' lang='lat' dir='ltr'>Quoniam</span> <span class='ocrx_word' id='word_1_233' title='bbox 1361 2461 1496 2545; x_wconf 90' lang='lat' dir='ltr'>peperit,</span> 
     </span>
     <span class='ocr_line' id='line_1_25' title="bbox 175 2548 1499 2639; baseline 0 -21"><span class='ocrx_word' id='word_1_234' title='bbox 175 2573 245 2618; x_wconf 91' lang='lat' dir='ltr'>cum</span> <span class='ocrx_word' id='word_1_235' title='bbox 267 2553 336 2617; x_wconf 88' lang='lat' dir='ltr'>viro</span> <span class='ocrx_word' id='word_1_236' title='bbox 359 2549 543 2616; x_wconf 90' lang='lat' dir='ltr'>concubuit:</span> <span class='ocrx_word' id='word_1_237' title='bbox 578 2572 650 2614; x_wconf 90' lang='lat' dir='ltr'>nam</span> <span class='ocrx_word' id='word_1_238' title='bbox 679 2553 740 2615; x_wconf 93' lang='lat' dir='ltr'>boc</span> <span class='ocrx_word' id='word_1_239' title='bbox 767 2551 882 2614; x_wconf 90' lang='lat' dir='ltr'>nullius</span> <span class='ocrx_word' id='word_1_240' title='bbox 903 2571 1006 2636; x_wconf 91' lang='lat' dir='ltr'>neque</span> <span class='ocrx_word' id='word_1_241' title='bbox 1028 2548 1265 2636; x_wconf 89' lang='lat' dir='ltr'>approbationis</span> <span class='ocrx_word' id='word_1_242' title='bbox 1286 2575 1391 2639; x_wconf 90' lang='lat' dir='ltr'>neque</span> <span class='ocrx_word' id='word_1_243' title='bbox 1413 2574 1499 2618; x_wconf 92' lang='lat' dir='ltr'>com-</span> 
     </span>
     <span class='ocr_line' id='line_1_26' title="bbox 136 2640 1496 2735; baseline 0.001 -25"><span class='ocrx_word' id='word_1_244' title='bbox 136 2647 331 2735; x_wconf 85' lang='lat' dir='ltr'>ssplexionis</span> <span class='ocrx_word' id='word_1_245' title='bbox 363 2647 518 2729; x_wconf 84' lang='lat' dir='ltr'>indigere.</span> <span class='ocrx_word' id='word_1_246' title='bbox 576 2642 638 2709; x_wconf 90' lang='lat' dir='ltr'>Sed</span> <span class='ocrx_word' id='word_1_247' title='bbox 671 2643 764 2708; x_wconf 92' lang='lat' dir='ltr'>nobis</span> <span class='ocrx_word' id='word_1_248' title='bbox 800 2640 1001 2727; x_wconf 88' lang='lat' dir='ltr'>ambiguitate</span> <span class='ocrx_word' id='word_1_249' title='bbox 1030 2648 1167 2709; x_wconf 91' lang='lat' dir='ltr'>nominis</span> <span class='ocrx_word' id='word_1_250' title='bbox 1200 2645 1345 2713; x_wconf 85' lang='lat' dir='ltr'>videntur</span> <span class='ocrx_word' id='word_1_251' title='bbox 1377 2669 1496 2713; x_wconf 89' lang='lat' dir='ltr'>errare.</span> 
     </span>
     <span class='ocr_line' id='line_1_27' title="bbox 175 2736 1499 2828; baseline -0.001 -21"><span class='ocrx_word' id='word_1_252' title='bbox 175 2746 253 2808; x_wconf 87' lang='lat' dir='ltr'>Nam</span> <span class='ocrx_word' id='word_1_253' title='bbox 269 2739 496 2825; x_wconf 87' lang='lat' dir='ltr'>argumentatio</span> <span class='ocrx_word' id='word_1_254' title='bbox 519 2741 645 2804; x_wconf 91' lang='lat' dir='ltr'>nomine</span> <span class='ocrx_word' id='word_1_255' title='bbox 666 2761 730 2803; x_wconf 91' lang='lat' dir='ltr'>uuo</span> <span class='ocrx_word' id='word_1_256' title='bbox 753 2760 804 2802; x_wconf 89' lang='lat' dir='ltr'>res</span> <span class='ocrx_word' id='word_1_257' title='bbox 827 2740 903 2801; x_wconf 90' lang='lat' dir='ltr'>duas</span> <span class='ocrx_word' id='word_1_258' title='bbox 925 2736 1092 2823; x_wconf 87' lang='lat' dir='ltr'>significat,</span> <span class='ocrx_word' id='word_1_259' title='bbox 1116 2741 1207 2816; x_wconf 89' lang='lat' dir='ltr'>ideo,</span> <span class='ocrx_word' id='word_1_260' title='bbox 1231 2747 1315 2828; x_wconf 90' lang='lat' dir='ltr'>quod</span> <span class='ocrx_word' id='word_1_261' title='bbox 1338 2752 1369 2807; x_wconf 90' lang='lat' dir='ltr'>et</span> <span class='ocrx_word' id='word_1_262' title='bbox 1391 2746 1499 2808; x_wconf 89' lang='lat' dir='ltr'>inven-</span> 
     </span>
     <span class='ocr_line' id='line_1_28' title="bbox 174 2836 1499 2921; baseline -0.002 -19"><span class='ocrx_word' id='word_1_263' title='bbox 174 2845 241 2902; x_wconf 84' lang='lat' dir='ltr'>tum</span> <span class='ocrx_word' id='word_1_264' title='bbox 263 2837 399 2921; x_wconf 84' lang='lat' dir='ltr'>aliquam</span> <span class='ocrx_word' id='word_1_265' title='bbox 422 2837 454 2898; x_wconf 92' lang='lat' dir='ltr'>in</span> <span class='ocrx_word' id='word_1_266' title='bbox 476 2855 543 2899; x_wconf 89' lang='lat' dir='ltr'>rem</span> <span class='ocrx_word' id='word_1_267' title='bbox 565 2836 729 2921; x_wconf 88' lang='lat' dir='ltr'>probabile</span> <span class='ocrx_word' id='word_1_268' title='bbox 752 2840 806 2897; x_wconf 87' lang='lat' dir='ltr'>aut</span> <span class='ocrx_word' id='word_1_269' title='bbox 828 2836 1038 2897; x_wconf 89' lang='lat' dir='ltr'>necessarium</span> <span class='ocrx_word' id='word_1_270' title='bbox 1061 2840 1287 2919; x_wconf 86' lang='lat' dir='ltr'>argumentatio</span> <span class='ocrx_word' id='word_1_271' title='bbox 1311 2846 1441 2903; x_wconf 88' lang='lat' dir='ltr'>vocatur</span> <span class='ocrx_word' id='word_1_272' title='bbox 1468 2845 1499 2901; x_wconf 92' lang='lat' dir='ltr'>et</span> 
     </span>
     <span class='ocr_line' id='line_1_29' title="bbox 175 2928 1499 3016; baseline -0.002 -19"><span class='ocrx_word' id='word_1_273' title='bbox 175 2931 243 2997; x_wconf 86' lang='lat' dir='ltr'>eius</span> <span class='ocrx_word' id='word_1_274' title='bbox 272 2932 390 2994; x_wconf 87' lang='lat' dir='ltr'>inventi</span> <span class='ocrx_word' id='word_1_275' title='bbox 419 2930 587 2993; x_wconf 88' lang='lat' dir='ltr'>artificiosa</span> <span class='ocrx_word' id='word_1_276' title='bbox 614 2930 775 3013; x_wconf 90' lang='lat' dir='ltr'>expolitio.</span> <span class='ocrx_word' id='word_1_277' title='bbox 822 2930 872 2992; x_wconf 87' lang='lat'>75.</span> <span class='ocrx_word' id='word_1_278' title='bbox 902 2928 1034 3003; x_wconf 90' lang='lat' dir='ltr'>Quando</span> <span class='ocrx_word' id='word_1_279' title='bbox 1065 2928 1160 3011; x_wconf 90' lang='lat' dir='ltr'>igitur</span> <span class='ocrx_word' id='word_1_280' title='bbox 1189 2930 1351 3015; x_wconf 79' lang='lat' dir='ltr'>proferent</span> <span class='ocrx_word' id='word_1_281' title='bbox 1381 2929 1499 3016; x_wconf 84' lang='lat' dir='ltr'>aliquid</span> 
     </span>
     <span class='ocr_line' id='line_1_30' title="bbox 175 3023 1497 3111; baseline -0.002 -21"><span class='ocrx_word' id='word_1_282' title='bbox 175 3025 376 3090; x_wconf 88' lang='lat' dir='ltr'>huiusmodi:</span> <span class='ocrx_word' id='word_1_283' title='bbox 401 3024 557 3099; x_wconf 91' lang='lat' dir='ltr'>Quoniam</span> <span class='ocrx_word' id='word_1_284' title='bbox 579 3025 718 3108; x_wconf 91' lang='lat' dir='ltr'>peperit,</span> <span class='ocrx_word' id='word_1_285' title='bbox 742 3043 813 3086; x_wconf 94' lang='lat' dir='ltr'>cum</span> <span class='ocrx_word' id='word_1_286' title='bbox 836 3023 904 3086; x_wconf 87' lang='lat' dir='ltr'>viro</span> <span class='ocrx_word' id='word_1_287' title='bbox 927 3025 1114 3087; x_wconf 89' lang='lat' dir='ltr'>concubuit:</span> <span class='ocrx_word' id='word_1_288' title='bbox 1141 3026 1304 3090; x_wconf 89' lang='lat' dir='ltr'>inventum</span> <span class='ocrx_word' id='word_1_289' title='bbox 1325 3027 1497 3111; x_wconf 82' lang='lat' dir='ltr'>proferent,</span> 
     </span>
     <span class='ocr_line' id='line_1_31' title="bbox 139 3116 1497 3205; baseline 0.007 -25"><span class='ocrx_word' id='word_1_290' title='bbox 139 3138 240 3191; x_wconf 76' lang='lat' dir='ltr'>nnon</span> <span class='ocrx_word' id='word_1_291' title='bbox 270 3117 516 3203; x_wconf 68' lang='lat' dir='ltr'>expolitionem</span> <span class='ocrx_word' id='word_1_292' title='bbox 545 3138 604 3181; x_wconf 92' lang='lat' dir='ltr'>nos</span> <span class='ocrx_word' id='word_1_293' title='bbox 627 3125 731 3181; x_wconf 85' lang='lat' dir='ltr'>auteur</span> <span class='ocrx_word' id='word_1_294' title='bbox 754 3120 792 3180; x_wconf 94' lang='lat' dir='ltr'>de</span> <span class='ocrx_word' id='word_1_295' title='bbox 814 3116 1016 3201; x_wconf 90' lang='lat' dir='ltr'>expolitionis</span> <span class='ocrx_word' id='word_1_296' title='bbox 1037 3121 1178 3202; x_wconf 91' lang='lat' dir='ltr'>partibus</span> <span class='ocrx_word' id='word_1_297' title='bbox 1200 3122 1370 3205; x_wconf 87' lang='lat' dir='ltr'>loquimur.</span> <span class='ocrx_word' id='word_1_298' title='bbox 1416 3121 1497 3188; x_wconf 77' lang='lat' dir='ltr'>xii.</span> 
     </span>
     <span class='ocr_line' id='line_1_32' title="bbox 80 3209 1498 3299; baseline 0 -21"><span class='ocrx_word' id='word_1_299' title='bbox 80 3251 86 3263; x_wconf 93' lang='lat'><strong>·</strong></span> <span class='ocrx_word' id='word_1_300' title='bbox 176 3212 261 3278; x_wconf 90' lang='lat' dir='ltr'>Nibil</span> <span class='ocrx_word' id='word_1_301' title='bbox 290 3214 385 3294; x_wconf 87' lang='lat' dir='ltr'>igitur</span> <span class='ocrx_word' id='word_1_302' title='bbox 414 3216 453 3276; x_wconf 90' lang='lat' dir='ltr'>ad</span> <span class='ocrx_word' id='word_1_303' title='bbox 481 3215 561 3276; x_wconf 91' lang='lat' dir='ltr'>hanc</span> <span class='ocrx_word' id='word_1_304' title='bbox 589 3232 657 3275; x_wconf 89' lang='lat' dir='ltr'>rom</span> <span class='ocrx_word' id='word_1_305' title='bbox 687 3209 766 3276; x_wconf 88' lang='lat' dir='ltr'>ratio</span> <span class='ocrx_word' id='word_1_306' title='bbox 795 3212 848 3275; x_wconf 90' lang='lat' dir='ltr'>illa</span> <span class='ocrx_word' id='word_1_307' title='bbox 875 3215 1063 3296; x_wconf 89' lang='lat' dir='ltr'>pertinebit;</span> <span class='ocrx_word' id='word_1_308' title='bbox 1100 3224 1191 3299; x_wconf 84' lang='lat' dir='ltr'>atque</span> <span class='ocrx_word' id='word_1_309' title='bbox 1220 3217 1280 3279; x_wconf 90' lang='lat' dir='ltr'>bac</span> <span class='ocrx_word' id='word_1_310' title='bbox 1300 3215 1498 3279; x_wconf 89' lang='lat' dir='ltr'>distinctione</span> 
     </span>
     <span class='ocr_line' id='line_1_33' title="bbox 176 3303 1497 3395; baseline 0.002 -24"><span class='ocrx_word' id='word_1_311' title='bbox 176 3307 236 3373; x_wconf 85' lang='lat' dir='ltr'>alia</span> <span class='ocrx_word' id='word_1_312' title='bbox 263 3327 407 3391; x_wconf 85' lang='lat' dir='ltr'>quoque,</span> <span class='ocrx_word' id='word_1_313' title='bbox 440 3327 521 3392; x_wconf 90' lang='lat' dir='ltr'>quae</span> <span class='ocrx_word' id='word_1_314' title='bbox 548 3303 738 3369; x_wconf 81' lang='lat' dir='ltr'>videbuntur</span> <span class='ocrx_word' id='word_1_315' title='bbox 766 3303 892 3369; x_wconf 86' lang='lat' dir='ltr'>officere</span> <span class='ocrx_word' id='word_1_316' title='bbox 921 3306 992 3372; x_wconf 90' lang='lat' dir='ltr'>buic</span> <span class='ocrx_word' id='word_1_317' title='bbox 1021 3308 1198 3391; x_wconf 85' lang='lat' dir='ltr'>partitioni,</span> <span class='ocrx_word' id='word_1_318' title='bbox 1235 3309 1497 3395; x_wconf 83' lang='lat' dir='ltr'>propulsabimus,</span> 
     </span>
     <span class='ocr_line' id='line_1_34' title="bbox 177 3399 1498 3489; baseline 0.003 -25"><span class='ocrx_word' id='word_1_319' title='bbox 177 3399 279 3484; x_wconf 90' lang='lat' dir='ltr'>siqui</span> <span class='ocrx_word' id='word_1_320' title='bbox 301 3408 355 3464; x_wconf 91' lang='lat' dir='ltr'>aut</span> <span class='ocrx_word' id='word_1_321' title='bbox 376 3402 618 3486; x_wconf 84' lang='lat' dir='ltr'>assumptionem</span> <span class='ocrx_word' id='word_1_322' title='bbox 640 3400 807 3485; x_wconf 83' lang='lat' dir='ltr'>aliquando</span> <span class='ocrx_word' id='word_1_323' title='bbox 831 3402 898 3464; x_wconf 95' lang='lat' dir='ltr'>tolli</span> <span class='ocrx_word' id='word_1_324' title='bbox 920 3424 1013 3484; x_wconf 92' lang='lat' dir='ltr'>posse</span> <span class='ocrx_word' id='word_1_325' title='bbox 1035 3411 1145 3488; x_wconf 89' lang='lat' dir='ltr'>putent</span> <span class='ocrx_word' id='word_1_326' title='bbox 1165 3411 1220 3467; x_wconf 86' lang='lat' dir='ltr'>aut</span> <span class='ocrx_word' id='word_1_327' title='bbox 1242 3405 1498 3489; x_wconf 90' lang='lat' dir='ltr'>propositionem.</span> 
     </span>
     <span class='ocr_line' id='line_1_35' title="bbox 178 3492 1499 3582; baseline 0.002 -24"><span class='ocrx_word' id='word_1_328' title='bbox 178 3493 267 3571; x_wconf 90' lang='lat' dir='ltr'>Quae</span> <span class='ocrx_word' id='word_1_329' title='bbox 296 3492 323 3556; x_wconf 94' lang='lat' dir='ltr'>si</span> <span class='ocrx_word' id='word_1_330' title='bbox 352 3496 427 3572; x_wconf 80' lang='lat' dir='ltr'>quid</span> <span class='ocrx_word' id='word_1_331' title='bbox 455 3498 550 3559; x_wconf 93' lang='lat' dir='ltr'>babet</span> <span class='ocrx_word' id='word_1_332' title='bbox 570 3494 733 3579; x_wconf 90' lang='lat' dir='ltr'>probabile</span> <span class='ocrx_word' id='word_1_333' title='bbox 756 3503 810 3559; x_wconf 92' lang='lat' dir='ltr'>aut</span> <span class='ocrx_word' id='word_1_334' title='bbox 830 3498 1057 3570; x_wconf 91' lang='lat' dir='ltr'>necessarium,</span> <span class='ocrx_word' id='word_1_335' title='bbox 1090 3517 1218 3582; x_wconf 90' lang='lat' dir='ltr'>quoquo</span> <span class='ocrx_word' id='word_1_336' title='bbox 1241 3501 1337 3563; x_wconf 91' lang='lat' dir='ltr'>modo</span> <span class='ocrx_word' id='word_1_337' title='bbox 1360 3519 1499 3562; x_wconf 91' lang='lat' dir='ltr'>commo·</span> 
     </span>
     <span class='ocr_line' id='line_1_36' title="bbox 140 3585 1498 3678; baseline 0.003 -26"><span class='ocrx_word' id='word_1_338' title='bbox 140 3609 168 3652; x_wconf 84' lang='lat' dir='ltr'>ss</span> <span class='ocrx_word' id='word_1_339' title='bbox 178 3595 250 3652; x_wconf 81' lang='lat' dir='ltr'>reat</span> <span class='ocrx_word' id='word_1_340' title='bbox 271 3585 446 3651; x_wconf 89' lang='lat' dir='ltr'>auditorem</span> <span class='ocrx_word' id='word_1_341' title='bbox 468 3610 596 3655; x_wconf 91' lang='lat' dir='ltr'>necesse</span> <span class='ocrx_word' id='word_1_342' title='bbox 618 3598 673 3659; x_wconf 87' lang='lat' dir='ltr'>est.</span> <span class='ocrx_word' id='word_1_343' title='bbox 726 3591 818 3667; x_wconf 90' lang='lat' dir='ltr'>Quod</span> <span class='ocrx_word' id='word_1_344' title='bbox 841 3589 867 3652; x_wconf 91' lang='lat' dir='ltr'>si</span> <span class='ocrx_word' id='word_1_345' title='bbox 889 3589 990 3654; x_wconf 90' lang='lat' dir='ltr'>solum</span> <span class='ocrx_word' id='word_1_346' title='bbox 1013 3599 1209 3673; x_wconf 89' lang='lat' dir='ltr'>spectaretur</span> <span class='ocrx_word' id='word_1_347' title='bbox 1233 3614 1269 3656; x_wconf 92' lang='lat' dir='ltr'>ac</span> <span class='ocrx_word' id='word_1_348' title='bbox 1299 3594 1396 3668; x_wconf 92' lang='lat' dir='ltr'>nibil,</span> <span class='ocrx_word' id='word_1_349' title='bbox 1435 3612 1498 3678; x_wconf 92' lang='lat' dir='ltr'>quo</span> 
     </span>
     <span class='ocr_line' id='line_1_37' title="bbox 177 3684 1500 3773; baseline 0.003 -28"><span class='ocrx_word' id='word_1_350' title='bbox 177 3688 269 3768; x_wconf 89' lang='lat' dir='ltr'>pacto</span> <span class='ocrx_word' id='word_1_351' title='bbox 282 3689 476 3747; x_wconf 68' lang='lat' dir='ltr'>,tractaretur</span> <span class='ocrx_word' id='word_1_352' title='bbox 497 3685 547 3757; x_wconf 90' lang='lat' dir='ltr'>id,</span> <span class='ocrx_word' id='word_1_353' title='bbox 577 3686 661 3769; x_wconf 84' lang='lat' dir='ltr'>quod</span> <span class='ocrx_word' id='word_1_354' title='bbox 684 3693 766 3748; x_wconf 89' lang='lat' dir='ltr'>essct</span> <span class='ocrx_word' id='word_1_355' title='bbox 787 3685 1012 3766; x_wconf 86' lang='lat' dir='ltr'>excogitatum,</span> <span class='ocrx_word' id='word_1_356' title='bbox 1039 3684 1188 3761; x_wconf 90' lang='lat' dir='ltr'>rclerret,</span> <span class='ocrx_word' id='word_1_357' title='bbox 1212 3707 1410 3773; x_wconf 87' lang='lat' dir='ltr'>nequaquam</span> <span class='ocrx_word' id='word_1_358' title='bbox 1431 3695 1500 3750; x_wconf 87' lang='lat' dir='ltr'>tan-</span> 
     </span>
     <span class='ocr_line' id='line_1_38' title="bbox 178 3776 1498 3863; baseline 0.002 -21"><span class='ocrx_word' id='word_1_359' title='bbox 178 3785 246 3842; x_wconf 89' lang='lat' dir='ltr'>tum</span> <span class='ocrx_word' id='word_1_360' title='bbox 267 3777 351 3840; x_wconf 90' lang='lat' dir='ltr'>inter</span> <span class='ocrx_word' id='word_1_361' title='bbox 370 3796 509 3841; x_wconf 90' lang='lat' dir='ltr'>summos</span> <span class='ocrx_word' id='word_1_362' title='bbox 533 3776 696 3863; x_wconf 84' lang='lat' dir='ltr'>[oratores]</span> <span class='ocrx_word' id='word_1_363' title='bbox 722 3787 754 3843; x_wconf 92' lang='lat' dir='ltr'>et</span> <span class='ocrx_word' id='word_1_364' title='bbox 774 3780 950 3843; x_wconf 88' lang='lat' dir='ltr'>mediocres</span> <span class='ocrx_word' id='word_1_365' title='bbox 972 3780 1124 3843; x_wconf 91' lang='lat' dir='ltr'>interesse</span> <span class='ocrx_word' id='word_1_366' title='bbox 1146 3782 1390 3846; x_wconf 85' lang='lat' dir='ltr'>existimaretur.</span> <span class='ocrx_word' id='word_1_367' title='bbox 1447 3783 1498 3845; x_wconf 87' lang='grc'>76.</span> 
     </span>
     <span class='ocr_line' id='line_1_39' title="bbox 177 3871 1498 3959; baseline 0.002 -24"><span class='ocrx_word' id='word_1_368' title='bbox 177 3871 306 3948; x_wconf 67' lang='lat' dir='ltr'>variare</span> <span class='ocrx_word' id='word_1_369' title='bbox 326 3879 431 3935; x_wconf 90' lang='lat' dir='ltr'>autem</span> <span class='ocrx_word' id='word_1_370' title='bbox 453 3874 628 3938; x_wconf 88' lang='lat' dir='ltr'>orationem</span> <span class='ocrx_word' id='word_1_371' title='bbox 650 3894 762 3959; x_wconf 90' lang='lat' dir='ltr'>magno</span> <span class='ocrx_word' id='word_1_372' title='bbox 786 3893 882 3958; x_wconf 89' lang='lat' dir='ltr'>opere</span> <span class='ocrx_word' id='word_1_373' title='bbox 904 3876 1084 3959; x_wconf 89' lang='lat' dir='ltr'>oportebit;</span> <span class='ocrx_word' id='word_1_374' title='bbox 1108 3895 1179 3939; x_wconf 88' lang='lat' dir='ltr'>narn</span> <span class='ocrx_word' id='word_1_375' title='bbox 1195 3875 1340 3941; x_wconf 90' lang='lat' dir='ltr'>omnibus</span> <span class='ocrx_word' id='word_1_376' title='bbox 1355 3878 1389 3940; x_wconf 92' lang='lat' dir='ltr'>in</span> <span class='ocrx_word' id='word_1_377' title='bbox 1402 3871 1498 3939; x_wconf 90' lang='lat' dir='ltr'>rebus</span> 
     </span>
     <span class='ocr_line' id='line_1_40' title="bbox 177 3966 1499 4052; baseline 0.002 -22"><span class='ocrx_word' id='word_1_378' title='bbox 177 3966 350 4030; x_wconf 86' lang='lat' dir='ltr'>similitudo</span> <span class='ocrx_word' id='word_1_379' title='bbox 373 3974 420 4028; x_wconf 89' lang='lat' dir='ltr'>est</span> <span class='ocrx_word' id='word_1_380' title='bbox 441 3968 591 4030; x_wconf 86' lang='lat' dir='ltr'>satietatis</span> <span class='ocrx_word' id='word_1_381' title='bbox 612 3976 722 4032; x_wconf 90' lang='lat' dir='ltr'>mater.</span> <span class='ocrx_word' id='word_1_382' title='bbox 768 3971 804 4033; x_wconf 96' lang='lat' dir='ltr'>ld</span> <span class='ocrx_word' id='word_1_383' title='bbox 825 3967 893 4033; x_wconf 92' lang='lat' dir='ltr'>lieri</span> <span class='ocrx_word' id='word_1_384' title='bbox 916 3971 1051 4051; x_wconf 89' lang='lat' dir='ltr'>poterit,</span> <span class='ocrx_word' id='word_1_385' title='bbox 1075 3972 1101 4034; x_wconf 93' lang='lat' dir='ltr'>si</span> <span class='ocrx_word' id='word_1_386' title='bbox 1122 3990 1188 4036; x_wconf 92' lang='lat' dir='ltr'>uon</span> <span class='ocrx_word' id='word_1_387' title='bbox 1209 3972 1353 4035; x_wconf 90' lang='lat' dir='ltr'>similiter</span> <span class='ocrx_word' id='word_1_388' title='bbox 1374 3990 1499 4052; x_wconf 85' lang='lat' dir='ltr'>semper</span> 
     </span>
    </p>
   </div>
   <div class='ocr_carea' id='block_1_3' title="bbox 174 4170 1500 4942">
    <p class='ocr_par' dir='ltr' id='par_1_3' title="bbox 174 4170 1500 4942">
     <span class='ocr_line' id='line_1_41' title="bbox 246 4170 1499 4235; baseline 0.002 -15"><span class='ocrx_word' id='word_1_389' title='bbox 246 4170 273 4220; x_wconf 91' lang='lat'>1.</span> <span class='ocrx_word' id='word_1_390' title='bbox 291 4181 439 4232; x_wconf 86' lang='lat' dir='ltr'>proponere</span> <span class='ocrx_word' id='word_1_391' title='bbox 456 4176 480 4220; x_wconf 86' lang='lat' dir='ltr'>ss</span> <span class='ocrx_word' id='word_1_392' title='bbox 498 4183 629 4221; x_wconf 78' lang='lat' dir='ltr'>asseruere</span> <span class='ocrx_word' id='word_1_393' title='bbox 645 4172 738 4222; x_wconf 87' lang='lat' dir='ltr'>dicunt</span> <span class='ocrx_word' id='word_1_394' title='bbox 755 4173 813 4233; x_wconf 84' lang='lat' dir='ltr'>Pit,</span> <span class='ocrx_word' id='word_1_395' title='bbox 830 4185 978 4235; x_wconf 85' lang='lat' dir='ltr'>proponere</span> <span class='ocrx_word' id='word_1_396' title='bbox 995 4174 1087 4224; x_wconf 86' lang='lat' dir='ltr'>dicunt</span> <span class='ocrx_word' id='word_1_397' title='bbox 1104 4179 1128 4224; x_wconf 88' lang='lat' dir='ltr'>et</span> <span class='ocrx_word' id='word_1_398' title='bbox 1146 4185 1274 4225; x_wconf 77' lang='lat' dir='ltr'>uuumers</span> <span class='ocrx_word' id='word_1_399' title='bbox 1292 4174 1324 4224; x_wconf 83' lang='lat' dir='ltr'>T.</span> <span class='ocrx_word' id='word_1_400' title='bbox 1362 4174 1395 4225; x_wconf 77' lang='lat' dir='ltr'>V.</span> <span class='ocrx_word' id='word_1_401' title='bbox 1409 4173 1499 4223; x_wconf 88' lang='lat' dir='ltr'>dicunt</span> 
     </span>
     <span class='ocr_line' id='line_1_42' title="bbox 178 4239 1499 4306; baseline 0.002 -16"><span class='ocrx_word' id='word_1_402' title='bbox 178 4252 231 4290; x_wconf 86' lang='lat' dir='ltr'>orn.</span> <span class='ocrx_word' id='word_1_403' title='bbox 251 4239 325 4290; x_wconf 86' lang='lat' dir='ltr'>Leld.</span> <span class='ocrx_word' id='word_1_404' title='bbox 345 4242 366 4290; x_wconf 93' lang='lat' dir='ltr'>l.</span> <span class='ocrx_word' id='word_1_405' title='bbox 387 4245 413 4291; x_wconf 88' lang='lat' dir='ltr'>et</span> <span class='ocrx_word' id='word_1_406' title='bbox 432 4253 471 4302; x_wconf 69' lang='lat' dir='ltr'>pr.</span> <span class='ocrx_word' id='word_1_407' title='bbox 492 4241 580 4291; x_wconf 83' lang='lat' dir='ltr'>schol.</span> <span class='ocrx_word' id='word_1_408' title='bbox 604 4241 692 4302; x_wconf 84' lang='lat' dir='ltr'>0ud.;</span> <span class='ocrx_word' id='word_1_409' title='bbox 725 4248 850 4306; x_wconf 81' lang='lat' dir='ltr'>expunxit</span> <span class='ocrx_word' id='word_1_410' title='bbox 862 4243 923 4293; x_wconf 85' lang='lat' dir='ltr'>Scir.</span> <span class='ocrx_word' id='word_1_411' title='bbox 942 4244 996 4295; x_wconf 86' lang='lat' dir='ltr'>Nos</span> <span class='ocrx_word' id='word_1_412' title='bbox 1008 4246 1172 4296; x_wconf 86' lang='lat' dir='ltr'>seclusimus.</span> <span class='ocrx_word' id='word_1_413' title='bbox 1188 4271 1217 4282; x_wconf 92' lang='lat'><em>-</em></span> <span class='ocrx_word' id='word_1_414' title='bbox 1239 4247 1265 4296; x_wconf 62' lang='grc' dir='ltr'>ἢ,</span> <span class='ocrx_word' id='word_1_415' title='bbox 1281 4246 1329 4299; x_wconf 86' lang='lat' dir='ltr'>Vr.</span> <span class='ocrx_word' id='word_1_416' title='bbox 1343 4245 1499 4306; x_wconf 58' lang='lat' dir='ltr'>compresso.</span> 
     </span>
     <span class='ocr_line' id='line_1_43' title="bbox 176 4311 1498 4376; baseline 0.005 -16"><span class='ocrx_word' id='word_1_417' title='bbox 176 4311 220 4360; x_wconf 86' lang='lat' dir='ltr'>nis</span> <span class='ocrx_word' id='word_1_418' title='bbox 237 4324 290 4360; x_wconf 88' lang='lat' dir='ltr'>reru</span> <span class='ocrx_word' id='word_1_419' title='bbox 307 4322 361 4360; x_wconf 89' lang='lat' dir='ltr'>non</span> <span class='ocrx_word' id='word_1_420' title='bbox 378 4311 496 4374; x_wconf 84' lang='lat' dir='ltr'>indigere</span> <span class='ocrx_word' id='word_1_421' title='bbox 514 4325 565 4360; x_wconf 88' lang='lat' dir='ltr'>om.</span> <span class='ocrx_word' id='word_1_422' title='bbox 597 4312 673 4363; x_wconf 86' lang='lat' dir='ltr'>Voss.</span> <span class='ocrx_word' id='word_1_423' title='bbox 694 4314 716 4362; x_wconf 91' lang='lat' dir='ltr'>l.</span> <span class='ocrx_word' id='word_1_424' title='bbox 735 4314 789 4370; x_wconf 83' lang='lat' dir='ltr'>ll.;</span> <span class='ocrx_word' id='word_1_425' title='bbox 811 4319 936 4376; x_wconf 79' lang='lat' dir='ltr'>expunxit</span> <span class='ocrx_word' id='word_1_426' title='bbox 962 4315 1023 4365; x_wconf 87' lang='lat' dir='ltr'>Scir.</span> <span class='ocrx_word' id='word_1_427' title='bbox 1061 4314 1114 4367; x_wconf 85' lang='lat' dir='ltr'>Nos</span> <span class='ocrx_word' id='word_1_428' title='bbox 1138 4319 1306 4368; x_wconf 84' lang='lat' dir='ltr'>seclusimus.</span> <span class='ocrx_word' id='word_1_429' title='bbox 1337 4340 1365 4353; x_wconf 89' lang='lat'><em>-</em></span> <span class='ocrx_word' id='word_1_430' title='bbox 1397 4316 1423 4365; x_wconf 77' lang='lat' dir='ltr'>d.</span> <span class='ocrx_word' id='word_1_431' title='bbox 1450 4314 1498 4366; x_wconf 82' lang='lat' dir='ltr'>Vr.</span> 
     </span>
     <span class='ocr_line' id='line_1_44' title="bbox 176 4379 1499 4451; baseline 0.003 -21"><span class='ocrx_word' id='word_1_432' title='bbox 176 4379 246 4430; x_wconf 83' lang='lat' dir='ltr'>illud</span> <span class='ocrx_word' id='word_1_433' title='bbox 262 4381 357 4430; x_wconf 86' lang='lat' dir='ltr'>uitium</span> <span class='ocrx_word' id='word_1_434' title='bbox 376 4389 496 4443; x_wconf 85' lang='lat' dir='ltr'>suspects</span> <span class='ocrx_word' id='word_1_435' title='bbox 515 4383 637 4434; x_wconf 87' lang='lat' dir='ltr'>Ernestlo</span> <span class='ocrx_word' id='word_1_436' title='bbox 657 4388 783 4443; x_wconf 89' lang='lat' dir='ltr'>expunxit</span> <span class='ocrx_word' id='word_1_437' title='bbox 801 4385 862 4435; x_wconf 86' lang='lat' dir='ltr'>Scir.</span> <span class='ocrx_word' id='word_1_438' title='bbox 884 4408 912 4419; x_wconf 88' lang='lat'>-</span> <span class='ocrx_word' id='word_1_439' title='bbox 944 4384 1170 4451; x_wconf 61' lang='lat' dir='ltr'>&amp;intelligentur</span> <span class='ocrx_word' id='word_1_440' title='bbox 1195 4385 1282 4437; x_wconf 79' lang='lat' dir='ltr'>Pur:</span> <span class='ocrx_word' id='word_1_441' title='bbox 1312 4387 1499 4450; x_wconf 86' lang='lat' dir='ltr'>intelligantur</span> 
     </span>
     <span class='ocr_line' id='line_1_45' title="bbox 177 4449 1500 4522; baseline 0.004 -22"><span class='ocrx_word' id='word_1_442' title='bbox 177 4449 200 4500; x_wconf 80' lang='lat' dir='ltr'>li</span> <span class='ocrx_word' id='word_1_443' title='bbox 221 4457 262 4512; x_wconf 88' lang='lat' dir='ltr'>et,</span> <span class='ocrx_word' id='word_1_444' title='bbox 282 4457 312 4501; x_wconf 91' lang='lat' dir='ltr'>ut</span> <span class='ocrx_word' id='word_1_445' title='bbox 330 4451 451 4511; x_wconf 84' lang='lat' dir='ltr'>ridetur,</span> <span class='ocrx_word' id='word_1_446' title='bbox 471 4454 505 4503; x_wconf 83' lang='grc' dir='ltr'>Α.</span> <span class='ocrx_word' id='word_1_447' title='bbox 525 4476 555 4491; x_wconf 93' lang='grc'>-</span> <span class='ocrx_word' id='word_1_448' title='bbox 575 4455 617 4502; x_wconf 86' lang='grc'>10.</span> <span class='ocrx_word' id='word_1_449' title='bbox 636 4460 714 4516; x_wconf 90' lang='lat' dir='ltr'>pacto</span> <span class='ocrx_word' id='word_1_450' title='bbox 732 4455 833 4504; x_wconf 80' lang='lat' dir='ltr'>PART.</span> <span class='ocrx_word' id='word_1_451' title='bbox 854 4480 884 4492; x_wconf 93' lang='lat'>·-</span> <span class='ocrx_word' id='word_1_452' title='bbox 904 4454 946 4503; x_wconf 90' lang='grc'>11.</span> <span class='ocrx_word' id='word_1_453' title='bbox 968 4458 1124 4522; x_wconf 66' lang='lat' dir='ltr'>conficiatur</span> <span class='ocrx_word' id='word_1_454' title='bbox 1141 4460 1272 4508; x_wconf 86' lang='lat' dir='ltr'>sententia</span> <span class='ocrx_word' id='word_1_455' title='bbox 1289 4458 1372 4507; x_wconf 70' lang='lat' dir='ltr'>PnTr</span> <span class='ocrx_word' id='word_1_456' title='bbox 1399 4464 1500 4507; x_wconf 85' lang='lat' dir='ltr'>senten·</span> 
     </span>
     <span class='ocr_line' id='line_1_46' title="bbox 177 4521 1496 4591; baseline 0.005 -20"><span class='ocrx_word' id='word_1_457' title='bbox 177 4521 218 4571; x_wconf 83' lang='lat' dir='ltr'>tiu</span> <span class='ocrx_word' id='word_1_458' title='bbox 236 4523 392 4588; x_wconf 74' lang='lat' dir='ltr'>conficiatur</span> <span class='ocrx_word' id='word_1_459' title='bbox 411 4523 465 4572; x_wconf 79' lang='lat' dir='ltr'>ult.</span> <span class='ocrx_word' id='word_1_460' title='bbox 487 4549 516 4561; x_wconf 88' lang='lat'>-</span> <span class='ocrx_word' id='word_1_461' title='bbox 537 4523 580 4574; x_wconf 78' lang='lat' dir='ltr'>ia.</span> <span class='ocrx_word' id='word_1_462' title='bbox 600 4537 690 4574; x_wconf 86' lang='lat' dir='ltr'>sorum</span> <span class='ocrx_word' id='word_1_463' title='bbox 707 4527 735 4574; x_wconf 90' lang='lat' dir='ltr'>s&#39;n</span> <span class='ocrx_word' id='word_1_464' title='bbox 754 4526 782 4574; x_wconf 88' lang='lat' dir='ltr'>P.</span> <span class='ocrx_word' id='word_1_465' title='bbox 802 4549 835 4562; x_wconf 90' lang='lat'><em>-</em></span> <span class='ocrx_word' id='word_1_466' title='bbox 855 4526 897 4575; x_wconf 81' lang='lat'>1³.</span> <span class='ocrx_word' id='word_1_467' title='bbox 917 4526 964 4576; x_wconf 88' lang='lat' dir='ltr'>bac</span> <span class='ocrx_word' id='word_1_468' title='bbox 983 4527 1061 4577; x_wconf 84' lang='lat' dir='ltr'>ruodo</span> <span class='ocrx_word' id='word_1_469' title='bbox 1078 4530 1135 4579; x_wconf 79' lang='lat' dir='ltr'>AT.</span> <span class='ocrx_word' id='word_1_470' title='bbox 1155 4554 1190 4564; x_wconf 91' lang='lat'>—</span> <span class='ocrx_word' id='word_1_471' title='bbox 1208 4529 1251 4579; x_wconf 85' lang='grc'>18.</span> <span class='ocrx_word' id='word_1_472' title='bbox 1271 4527 1363 4591; x_wconf 68' lang='lat' dir='ltr'>feceris</span> <span class='ocrx_word' id='word_1_473' title='bbox 1380 4528 1496 4578; x_wconf 77' lang='lat' dir='ltr'>Pau.-</span> 
     </span>
     <span class='ocr_line' id='line_1_47' title="bbox 177 4588 1499 4663; baseline 0.006 -24"><span class='ocrx_word' id='word_1_474' title='bbox 177 4588 223 4639; x_wconf 75' lang='lat' dir='ltr'>2i.</span> <span class='ocrx_word' id='word_1_475' title='bbox 243 4593 444 4655; x_wconf 80' lang='lat' dir='ltr'>approbationis</span> <span class='ocrx_word' id='word_1_476' title='bbox 461 4606 543 4657; x_wconf 89' lang='lat' dir='ltr'>negus</span> <span class='ocrx_word' id='word_1_477' title='bbox 561 4592 652 4644; x_wconf 72' lang='lat' dir='ltr'>Paul</span> <span class='ocrx_word' id='word_1_478' title='bbox 671 4595 788 4656; x_wconf 77' lang='lat' dir='ltr'>iiiique:</span> <span class='ocrx_word' id='word_1_479' title='bbox 808 4596 1006 4658; x_wconf 82' lang='lat' dir='ltr'>approbationis</span> <span class='ocrx_word' id='word_1_480' title='bbox 1023 4611 1104 4663; x_wconf 82' lang='lat' dir='ltr'>negas</span> <span class='ocrx_word' id='word_1_481' title='bbox 1121 4603 1306 4663; x_wconf 84' lang='lat' dir='ltr'>assumptionis</span> <span class='ocrx_word' id='word_1_482' title='bbox 1323 4601 1363 4650; x_wconf 90' lang='lat' dir='ltr'>uei</span> <span class='ocrx_word' id='word_1_483' title='bbox 1381 4602 1434 4650; x_wconf 86' lang='lat' dir='ltr'>eius</span> <span class='ocrx_word' id='word_1_484' title='bbox 1453 4611 1499 4659; x_wconf 89' lang='lat' dir='ltr'>ap·</span> 
     </span>
     <span class='ocr_line' id='line_1_48' title="bbox 174 4661 1496 4734; baseline 0.007 -25"><span class='ocrx_word' id='word_1_485' title='bbox 174 4661 343 4722; x_wconf 68' lang='lat' dir='ltr'>motationis</span> <span class='ocrx_word' id='word_1_486' title='bbox 360 4676 442 4727; x_wconf 84' lang='lat' dir='ltr'>usgue</span> <span class='ocrx_word' id='word_1_487' title='bbox 460 4664 491 4714; x_wconf 86' lang='lat' dir='ltr'>ll.</span> <span class='ocrx_word' id='word_1_488' title='bbox 505 4687 539 4700; x_wconf 91' lang='lat'>-</span> <span class='ocrx_word' id='word_1_489' title='bbox 555 4665 599 4718; x_wconf 73' lang='lat'>25.</span> <span class='ocrx_word' id='word_1_490' title='bbox 617 4667 736 4730; x_wconf 77' lang='lat' dir='ltr'>indigere</span> <span class='ocrx_word' id='word_1_491' title='bbox 753 4666 858 4715; x_wconf 87' lang='lat' dir='ltr'>uidetur</span> <span class='ocrx_word' id='word_1_492' title='bbox 876 4667 957 4717; x_wconf 74' lang='grc' dir='ltr'><strong>ΛΒΤ.</strong></span> <span class='ocrx_word' id='word_1_493' title='bbox 973 4693 1002 4706; x_wconf 92' lang='lat'>-</span> <span class='ocrx_word' id='word_1_494' title='bbox 1022 4669 1066 4719; x_wconf 71' lang='lat'>³³.</span> <span class='ocrx_word' id='word_1_495' title='bbox 1086 4684 1150 4720; x_wconf 86' lang='lat' dir='ltr'>uum</span> <span class='ocrx_word' id='word_1_496' title='bbox 1168 4676 1193 4719; x_wconf 90' lang='lat' dir='ltr'>st</span> <span class='ocrx_word' id='word_1_497' title='bbox 1210 4672 1406 4734; x_wconf 75' lang='lat' dir='ltr'>argumentatio</span> <span class='ocrx_word' id='word_1_498' title='bbox 1418 4668 1496 4719; x_wconf 71' lang='lat' dir='ltr'>Par.</span> 
     </span>
     <span class='ocr_line' id='line_1_49' title="bbox 179 4731 1499 4805; baseline 0.008 -26"><span class='ocrx_word' id='word_1_499' title='bbox 179 4752 211 4766; x_wconf 95' lang='lat'>-</span> <span class='ocrx_word' id='word_1_500' title='bbox 230 4731 273 4781; x_wconf 77' lang='lat'>28.</span> <span class='ocrx_word' id='word_1_501' title='bbox 298 4731 422 4796; x_wconf 86' lang='lat' dir='ltr'>Quando]</span> <span class='ocrx_word' id='word_1_502' title='bbox 443 4747 522 4798; x_wconf 87' lang='lat' dir='ltr'>guosn</span> <span class='ocrx_word' id='word_1_503' title='bbox 540 4747 579 4796; x_wconf 87' lang='lat' dir='ltr'>pr.</span> <span class='ocrx_word' id='word_1_504' title='bbox 600 4735 637 4793; x_wconf 86' lang='lat' dir='ltr'>P,</span> <span class='ocrx_word' id='word_1_505' title='bbox 658 4740 783 4800; x_wconf 82' lang='lat' dir='ltr'>quoniam</span> <span class='ocrx_word' id='word_1_506' title='bbox 801 4750 867 4787; x_wconf 89' lang='lat' dir='ltr'>corr.</span> <span class='ocrx_word' id='word_1_507' title='bbox 886 4737 924 4796; x_wconf 84' lang='grc' dir='ltr'>Ρ,</span> <span class='ocrx_word' id='word_1_508' title='bbox 945 4751 1004 4789; x_wconf 87' lang='lat' dir='ltr'>cum</span> <span class='ocrx_word' id='word_1_509' title='bbox 1021 4740 1078 4790; x_wconf 78' lang='grc' dir='ltr'>ΛΤ.</span> <span class='ocrx_word' id='word_1_510' title='bbox 1098 4764 1130 4775; x_wconf 86' lang='grc'>·-</span> <span class='ocrx_word' id='word_1_511' title='bbox 1151 4740 1195 4789; x_wconf 93' lang='lat'>³³.</span> <span class='ocrx_word' id='word_1_512' title='bbox 1215 4744 1274 4804; x_wconf 87' lang='lat' dir='ltr'>guis</span> <span class='ocrx_word' id='word_1_513' title='bbox 1292 4741 1347 4791; x_wconf 81' lang='lat' dir='ltr'>aT.</span> <span class='ocrx_word' id='word_1_514' title='bbox 1369 4766 1398 4779; x_wconf 89' lang='lat'><em>-</em></span> <span class='ocrx_word' id='word_1_515' title='bbox 1422 4746 1499 4805; x_wconf 84' lang='lat' dir='ltr'>putet</span> 
     </span>
     <span class='ocr_line' id='line_1_50' title="bbox 176 4796 1499 4874; baseline 0.01 -24"><span class='ocrx_word' id='word_1_516' title='bbox 176 4796 261 4856; x_wconf 77' lang='grc' dir='ltr'><strong>ΡΑΤ.</strong></span> <span class='ocrx_word' id='word_1_517' title='bbox 278 4809 377 4865; x_wconf 83' lang='lat' dir='ltr'>putant</span> <span class='ocrx_word' id='word_1_518' title='bbox 396 4805 428 4853; x_wconf 85' lang='lat' dir='ltr'>ll.</span> <span class='ocrx_word' id='word_1_519' title='bbox 449 4830 480 4841; x_wconf 92' lang='lat'><em>-</em></span> <span class='ocrx_word' id='word_1_520' title='bbox 509 4805 957 4870; x_wconf 72' lang='lat' dir='ltr'>³³·essetsrcogitatum1’blil&#39;:</span> <span class='ocrx_word' id='word_1_521' title='bbox 984 4813 1162 4874; x_wconf 74' lang='lat' dir='ltr'>recogitatum</span> <span class='ocrx_word' id='word_1_522' title='bbox 1179 4819 1245 4863; x_wconf 86' lang='lat' dir='ltr'>sssst</span> <span class='ocrx_word' id='word_1_523' title='bbox 1264 4812 1296 4864; x_wconf 86' lang='lat' dir='ltr'>ll.</span> <span class='ocrx_word' id='word_1_524' title='bbox 1317 4834 1348 4853; x_wconf 89' lang='lat'><em>-</em></span> <span class='ocrx_word' id='word_1_525' title='bbox 1374 4811 1418 4865; x_wconf 78' lang='grc'>37.</span> <span class='ocrx_word' id='word_1_526' title='bbox 1439 4825 1499 4864; x_wconf 81' lang='lat' dir='ltr'>ora·</span> 
     </span>
     <span class='ocr_line' id='line_1_51' title="bbox 178 4873 1183 4942; baseline 0.009 -17"><span class='ocrx_word' id='word_1_527' title='bbox 178 4876 249 4925; x_wconf 87' lang='lat' dir='ltr'>tores</span> <span class='ocrx_word' id='word_1_528' title='bbox 268 4885 319 4924; x_wconf 91' lang='lat' dir='ltr'>om.</span> <span class='ocrx_word' id='word_1_529' title='bbox 339 4873 385 4926; x_wconf 77' lang='grc' dir='ltr'>ΔΤ</span> <span class='ocrx_word' id='word_1_530' title='bbox 404 4875 521 4942; x_wconf 85' lang='lat' dir='ltr'>aliique,</span> <span class='ocrx_word' id='word_1_531' title='bbox 540 4881 564 4931; x_wconf 87' lang='lat' dir='ltr'>st</span> <span class='ocrx_word' id='word_1_532' title='bbox 581 4878 722 4930; x_wconf 83' lang='lat' dir='ltr'>medioeres</span> <span class='ocrx_word' id='word_1_533' title='bbox 740 4884 859 4930; x_wconf 82' lang='lat' dir='ltr'>oratores</span> <span class='ocrx_word' id='word_1_534' title='bbox 876 4880 909 4931; x_wconf 82' lang='lat' dir='ltr'>ll.</span> <span class='ocrx_word' id='word_1_535' title='bbox 946 4880 1001 4934; x_wconf 83' lang='lat' dir='ltr'>llos</span> <span class='ocrx_word' id='word_1_536' title='bbox 1018 4882 1183 4934; x_wconf 87' lang='lat' dir='ltr'>seclusimus.</span> 
     </span>
    </p>
   </div>
   <div class='ocr_carea' id='block_1_4' title="bbox 0 0 1612 5400">
    <p class='ocr_par' dir='ltr' id='par_1_4' title="bbox 0 0 1612 5400">
     <span class='ocr_line' id='line_1_52' title="bbox 0 0 1612 5400; baseline 0 0"><span class='ocrx_word' id='word_1_537' title='bbox 0 0 1612 5400; x_wconf 95' lang='lat' dir='ltr'> </span> 
     </span>
    </p>
   </div>
  </div>
 </body>
</html>
