3216 5400
164 245 226 316 338
699 250 753 315 Its
776 248 963 315 ORATORE

163 410 260 497 igitur
280 410 313 475 in
335 408 487 475 eiusmodi
508 427 559 484 re,
595 427 675 493 quae
702 407 866 475 mendacio
886 410 963 473 nixa
985 409 1040 483 sit,
1074 422 1156 495 quae
1177 410 1217 473 ad
1239 407 1403 475 scientiam
1425 429 1490 476 nou

163 525 256 592 saepe
277 502 456 588 perveniat,
492 523 573 589 qnae
599 502 765 588 opiniones
787 504 950 569 hominum
972 510 1004 567 et
1025 523 1122 587 saepe
1143 523 1267 568 errores
1293 510 1487 588 aucupetur,

162 603 206 666 ita
227 598 344 672 dicam,
368 597 395 664 si
415 618 540 664 causam
561 597 676 685 putatis
699 619 784 671 esse,
818 616 876 662 cur
896 597 1042 663 audiatis.
1086 598 1171 663 VIII.
1195 600 1248 663 31.
1271 601 1336 663 Nos
1359 619 1436 665 vero
1457 608 1491 664 ot

163 692 254 759 valde
280 691 423 778 quidem,
459 691 584 760 Catulus
613 691 732 777 inquit,
766 699 909 779 putamus
935 702 1030 777 atque
1063 711 1101 756 co
1135 692 1252 778 magis,
1289 690 1375 778 quod
1403 692 1490 760 nulla

140 786 239 853 smibi
268 791 474 854 ostentatione
504 785 621 853 videris
649 807 719 852 esso
746 806 872 852 usurus.
916 790 1059 852 Exorans
1081 806 1116 852 es
1137 786 1220 852 enim
1242 806 1307 852 non
1329 786 1489 871 glorioso,

162 881 261 968 magis
283 902 303 947 a
322 882 469 958 renate,
493 888 529 947 ut
549 892 581 949 tu
603 890 710 969 putas,
734 901 830 966 quam
852 880 960 946 nescio
982 901 1043 967 qua
1058 883 1220 966 dignitate.
1264 884 1329 945 33.
1342 885 1379 948 Ut
1392 883 1490 968 igitur

162 977 202 1045 tle
223 980 292 1062 ipso
314 997 430 1063 genero
453 997 521 1043 sum
544 975 724 1053 consessus,
759 977 861 1060 inquit
888 974 1057 1050 Antonius,
1091 984 1191 1041 artem
1212 996 1282 1041 asse
1304 996 1368 1040 non
1390 975 1490 1042 maxi·

160 1094 258 1149 mam,
280 1074 326 1138 sic
347 1070 424 1138 illud
445 1069 583 1147 affirmo,
610 1079 775 1159 praecepta
798 1089 891 1157 posse
913 1068 1067 1156 quaedam
1090 1067 1158 1135 dari
1179 1078 1330 1153 peracuta
1351 1069 1391 1139 ad
1413 1090 1489 1154 per·

161 1165 339 1232 tractandos
360 1168 481 1232 animos
502 1163 664 1230 bominum
687 1174 718 1230 et
739 1163 779 1229 ad
801 1162 1002 1248 excipiendas
1021 1184 1133 1230 eorum
1151 1164 1339 1231 voluntates.
1384 1164 1489 1232 Huius

121 1281 150 1323 ιι
161 1261 207 1328 rei
228 1261 411 1338 scientiam,
445 1259 563 1346 siquis
585 1259 672 1325 volet
698 1279 845 1342 magnam
872 1257 1027 1346 quandam
1049 1268 1151 1323 artem
1173 1278 1242 1325 esse
1264 1257 1388 1335 dicere,
1421 1281 1488 1325 non

159 1359 354 1443 repugnabo.
397 1354 522 1419 Etenim
543 1374 614 1419 cum
635 1353 780 1438 plerique
801 1361 921 1418 temere
942 1372 978 1417 ac
998 1351 1085 1418 nulla
1105 1355 1227 1419 ratione
1241 1373 1349 1419 causas
1362 1355 1397 1416 in
1411 1350 1485 1418 foro

159 1448 278 1525 dicant,
300 1447 443 1515 nonnulli
465 1457 569 1514 autom
590 1457 720 1535 propter
740 1446 1000 1514 exercitationem
1015 1455 1069 1513 ant
1082 1457 1213 1535 propter
1227 1447 1487 1514 consuetudinem

159 1543 295 1629 aliquam
323 1541 465 1608 callidius
496 1543 529 1606 id
550 1540 683 1622 faciant,
706 1563 770 1607 non
792 1548 840 1609 est
860 1539 1009 1618 dubium,
1034 1541 1127 1629 quin,
1150 1544 1177 1608 si
1199 1545 1269 1629 quis
1290 1541 1488 1609 animadver-

159 1642 249 1714 terit,
284 1636 360 1725 quid
391 1638 447 1713 sit,
485 1656 583 1723 quara
614 1636 669 1703 alii
694 1637 806 1703 melius
834 1656 929 1722 quam
957 1635 1011 1702 alii
1032 1635 1151 1714 dicant,
1185 1635 1219 1701 id
1240 1637 1339 1724 possit
1360 1646 1483 1704 notare.

120 1738 241 1820 eergo
263 1733 296 1799 id
317 1735 371 1820 qui
392 1740 459 1797 toto
481 1731 515 1798 in
537 1752 654 1816 genere
674 1729 799 1809 feccrit,
822 1734 849 1798 is
871 1731 899 1797 si
913 1752 976 1798 non
990 1731 1081 1820 plane
1095 1740 1211 1805 artem,
1234 1740 1267 1797 at
1281 1734 1370 1817 quasi
1385 1741 1487 1798 artem

158 1832 315 1918 quandam
346 1828 513 1893 invenerit.
557 1829 610 1892 33.
640 1829 741 1914 atqua
771 1826 907 1903 utinam,
939 1834 975 1891 ut
1006 1825 1083 1892 mibi
1111 1826 1163 1892 illa
1190 1825 1302 1893 videor
1322 1828 1431 1892 videre
1452 1826 1487 1893 in

158 1922 228 1989 loro
244 1931 337 2006 atque
351 1919 384 1987 in
399 1923 518 1997 musis,
542 1921 619 1987 item
639 1943 740 1998 nunc,
764 1920 1027 2009 quemadmodum
1050 1941 1088 1986 aa
1108 1921 1336 2005 reperirentur,
1359 1941 1487 2009 possem

158 2019 249 2083 robis
271 2018 450 2101 exponeret
486 2013 548 2081 Sed
570 2018 610 2081 da
630 2035 683 2081 me
704 2016 836 2095 tidero;
858 2035 942 2081 nunc
962 2017 1025 2082 hoc
1044 2036 1104 2100 ego
1122 2036 1286 2100 propono,
1308 2016 1395 2101 qnod
1408 2015 1488 2082 mibi

157 2112 317 2198 persuasi,
354 2109 496 2196 qnamms
517 2128 567 2175 ars
588 2130 653 2175 non
673 2111 729 2185 sit,
762 2117 866 2176 tamen
887 2108 967 2175 nibil
989 2129 1058 2176 esse
1080 2109 1220 2198 perlecto
1244 2118 1371 2176 oratore
1392 2131 1487 2195 prae·

120 2224 149 2266 ro
158 2205 285 2272 clarius.
329 2207 427 2281 Nam,
449 2212 485 2269 ut
505 2224 598 2270 usum
619 2201 744 2269 dicendi
764 2203 926 2281 omittam,
959 2205 1014 2290 qui
1038 2204 1073 2270 in
1094 2207 1180 2271 omni
1200 2213 1313 2289 pacata
1333 2211 1365 2269 et
1385 2202 1487 2271 libera

158 2302 282 2366 civitate
303 2297 500 2375 dominatur,
525 2305 611 2364 tanla
632 2297 799 2364 oblectatio
821 2309 869 2365 est
888 2299 920 2365 in
941 2298 1010 2384 ipsa
1028 2297 1176 2365 facultate
1191 2298 1331 2375 dicendi,
1356 2308 1393 2365 nt
1406 2297 1485 2365 nibil

157 2394 319 2460 bominum
347 2401 401 2458 aut
428 2391 555 2458 auribus
587 2399 642 2458 aut
669 2392 826 2459 mentibus
854 2392 1020 2461 iucundius
1042 2393 1163 2480 percipi
1184 2398 1292 2480 possit.
1339 2395 1393 2459 at.
1418 2391 1484 2472 Qui

158 2487 241 2554 enim
274 2496 380 2554 cantus
410 2488 573 2553 moderata
602 2487 745 2553 oratione
777 2485 900 2553 dulcior
923 2486 1060 2554 inveniri
1089 2492 1213 2572 potest?
1250 2490 1335 2574 quod
1357 2507 1486 2553 carmen

157 2582 326 2650 artificiosa
346 2585 515 2648 verborum
538 2581 739 2648 conclusione
760 2580 885 2669 aptinst
907 2581 961 2668 qui
978 2588 1066 2646 actor
1086 2580 1236 2647 imitanda
1260 2602 1354 2667 quam
1376 2589 1486 2647 orator

120 2705 148 2747 ιι
158 2675 356 2762 suscipienda
376 2678 508 2742 veritae
529 2674 717 2742 iucundiori
746 2673 829 2752 Quid
851 2683 955 2741 antem
975 2673 1121 2742 subtilius
1143 2697 1236 2763 quam
1257 2675 1387 2742 crebrae
1409 2697 1487 2743 aon·

157 2781 270 2860 taequo
292 2770 487 2838 sententiae?
523 2768 603 2855 quid'
619 2768 836 2834 admirabilius
858 2790 951 2856 quam
974 2790 1027 2835 res
1048 2771 1217 2856 splendore
1238 2769 1392 2837 illustrata
1412 2792 1486 2838 ver-

157 2870 293 2934 borum?
315 2865 391 2950 quid
412 2863 533 2953 plenius
555 2884 650 2950 quam
671 2862 758 2929 omni
778 2883 893 2948 genere
914 2885 1022 2930 rernm
1045 2866 1199 2932 cumulata
1220 2864 1344 2932 oratiot
1369 2868 1482 2953 Neque

160 2959 267 3048 [enim]
290 2960 354 3026 ulla
375 2980 439 3025 non
460 2959 591 3047 propria
612 2958 747 3025 oratoris
769 2977 820 3023 res
841 2965 905 3035 est,
940 2978 1021 3045 quac
1049 2958 1177 3045 quidem
1199 2966 1307 3026 ornate
1329 2958 1392 3025 dici
1413 2979 1485 3044 gra-

157 3057 302 3142 viterque
330 3051 434 3120 debet.
479 3057 534 3119 tx.
563 3056 616 3118 35.
640 3051 740 3119 Huius
758 3062 806 3120 cst
825 3052 859 3118 in
882 3051 983 3118 dando
1006 3053 1139 3120 consilio
1160 3053 1200 3119 de
1222 3053 1365 3120 maximis
1386 3058 1484 3123 rebus

120 3175 147 3216 ιι
158 3171 229 3216 cum
251 3150 400 3234 dignitate
422 3150 579 3235 explicata
599 3141 768 3225 sentcntia3
799 3150 940 3213 eiusdem
962 3156 994 3212 et
1014 3147 1189 3233 languentis
1211 3148 1321 3236 populi
1342 3147 1482 3214 incitatio

158 3254 190 3311 et
210 3242 353 3310 effrenati
374 3241 564 3321 moderatio;
597 3244 708 3308 eadem
736 3240 882 3308 facultate
903 3252 935 3308 et
954 3240 1042 3308 frans
1065 3242 1227 3308 bominum
1249 3242 1288 3308 ad
1308 3242 1484 3330 perniciem

158 3348 190 3403 et
209 3336 370 3422 integritas
391 3334 430 3402 ad
452 3335 583 3402 sulutem
605 3344 743 3406 vocatur.
787 3334 865 3413 Quis
887 3334 1045 3402 cobortari
1067 3335 1108 3402 ad
1127 3339 1275 3403 ιίιιιιιιιιι
1296 3336 1481 3414 ardentius,

158 3435 228 3517 quis
248 3452 266 3495 a
288 3429 373 3497 vitiis
398 3431 502 3496 acrius
529 3449 696 3505 revocare,
732 3429 803 3518 quis
824 3428 1187 3517 vituperare-improbos
1215 3430 1374 3519 asperius,
1412 3431 1482 3518 quie

156 3522 285 3591 laudare
306 3527 409 3589 bonos
431 3523 590 3601 ornatius,
613 3523 684 3611 quis
702 3523 904 3610 cupiditatem
917 3525 1133 3593 vehementius
1146 3525 1292 3612 frangere
1306 3525 1482 3594 accusando

228 3708 255 3758 1.
275 3707 311 3758 od
329 3719 382 3758 om.
401 3705 457 3757 att.
479 3731 508 3744 -
528 3705 577 3758 Vr.
590 3718 658 3770 puae
676 3706 712 3758 ad
729 3732 740 3744 ·
757 3730 768 3742 ·
783 3709 920 3772 parentat
936 3706 1046 3761 seclusit
1063 3707 1176 3762 Ellendt.
1190 3735 1225 3746 -
1241 3711 1269 3761 3.
1289 3716 1433 3774 occupetur
1449 3710 1481 3763 R.

162 3801 189 3816 —
210 3777 236 3829 3.
257 3775 313 3841 cur]
332 3781 362 3827 ut
380 3777 413 3828 R.
434 3798 466 3814 -
491 3776 518 3828 t.
539 3777 588 3829 Vn
608 3776 678 3842 quod
693 3777 771 3828 nutta
787 3803 799 3815 -
815 3801 827 3813 ·
843 3778 960 3844 gloriere
976 3778 1065 3843 rnapit
1083 3781 1237 3834 exciderunt
1254 3794 1285 3833 er
1304 3782 1336 3833 R.
1355 3807 1390 3818 -
1418 3780 1444 3834 3.
1463 3795 1482 3834 ιι

157 3850 285 3905 comate,
305 3855 336 3899 ut
352 3853 383 3897 tu
398 3855 490 3911 putor,
503 3848 549 3898 att
568 3846 620 3898 Gn.
640 3847 666 3897 3.
686 3848 724 3899 lt:
744 3855 776 3900 ut
794 3854 822 3899 tu
838 3855 934 3913 putm.
954 3862 972 3899 ι
989 3850 1101 3900 ueritate
1118 3851 1151 3902 3.
1167 3876 1197 3890 ·-
1219 3866 1300 3916 quarn
1315 3853 1402 3905 nacto
1414 3851 1479 3904 ab:

157 3933 240 3985 quarn
256 3933 274 3970 ι
291 3921 380 3970 nescio
398 3917 453 3970 33.
468 3941 498 3956 ·-
518 3919 544 3969 3.
564 3916 706 3981 replendae
718 3919 781 3980 AB,
799 3919 949 3982 captandae
967 3917 1121 3973 Cratander.
1158 3922 1292 3987 Volgetem
1311 3924 1373 3975 lect.
1392 3924 1482 3974 llrmtt

156 3991 257 4043 Nonius
277 4002 302 4051 p.
322 3989 384 4040 333.
405 3989 444 4041 bl.
462 4013 497 4024 -
526 3989 570 4040 13.
591 3990 806 4041 musitationem
823 3995 872 4040 out
888 3995 998 4055 propter
1017 4004 1070 4042 om.
1090 3991 1145 4043 att.
1177 4017 1205 4029 -
1237 3993 1280 4045 st.
1300 3990 1406 4058 notare]
1425 4006 1482 4044 non

156 4068 215 4113 orte
231 4059 287 4110 ab.
302 4084 334 4098 -·
353 4059 396 4110 13.
415 4056 530 4123 utinum]
549 4061 638 4124 utique
655 4059 710 4110 att.
724 4085 758 4095 -
774 4061 840 4110 mibi
855 4060 905 4111 etta
922 4061 1012 4112 uideor
1028 4061 1151 4113 videret
1169 4064 1288 4128 alliquea
1307 4066 1373 4114 mibi
1389 4065 1482 4116 uideor

155 4133 203 4183 itta
214 4132 304 4181 uidere
315 4131 358 4190 R,
376 4132 442 4181 mibi
453 4130 503 4180 itto
513 4130 600 4181 uiden
611 4130 704 4180 uideor
716 4129 748 4181 3.
768 4131 818 4195 (De
830 4130 851 4180 R
865 4144 917 4182 non
931 4131 1037 4196 liquet.)
1051 4156 1086 4170 -
1105 4132 1149 4183 tt.
1162 4134 1223 4188 ιἰιιι
1235 4134 1296 4186 AB:
1314 4136 1358 4186 ito
1369 4133 1426 4186 33.
1447 4155 1480 4173 -

155 4203 320 4267 reperientur
337 4202 374 4262 R,
394 4203 571 4264 reperirentur
588 4201 620 4251 3.
637 4226 667 4238 -
684 4214 792 4265 portum
808 4200 863 4252 33.
880 4227 909 4239 -
929 4202 973 4254 ts.
993 4205 1127 4266 eaqntrere
1144 4203 1175 4253 R.
1190 4231 1222 4242 -
1239 4207 1289 4256 boc
1306 4217 1356 4269 epo
1373 4205 1480 4258 codd:

154 4274 202 4324 boc
218 4277 282 4332 (om.
303 4270 359 4339 epo)
377 4272 433 4322 33.
453 4271 500 4335 (Ra
518 4272 564 4322 att
582 4271 647 4322 nlbtl
664 4277 783 4323 notatum
802 4278 856 4333 eet,
876 4274 923 4324 etrt
944 4272 996 4324 Gn.
1015 4274 1042 4324 3.
1063 4273 1143 4326 babet
1159 4275 1206 4326 boc
1223 4274 1291 4342 epo.)
1303 4298 1336 4315 -
1353 4277 1397 4328 13.
1416 4287 1484 4342 pro-v

155 4343 221 4406 {ecto
239 4343 262 4393 3
281 4349 307 4394 et
325 4343 439 4394 Reueettt
459 4355 565 4404 operae.
582 4367 617 4378 —
634 4343 679 4394 33.
699 4339 734 4405 ιι]
753 4354 786 4393 ιι
803 4342 836 4393 3.
851 4365 882 4378 -
902 4343 946 4393 33.
964 4344 1105 4396 moderato
1122 4348 1243 4399 oratione
1260 4346 1322 4398 AB:
1341 4349 1482 4399 moderatu

151 4414 372 4476 pronuntiatione
388 4414 431 4472 R,
449 4413 601 4465 moderatae
618 4413 748 4464 orationis
766 4413 989 4476 pronuntiatione
1005 4414 1085 4466 3.-
1101 4415 1146 4467 33.
1166 4418 1316 4482 confusione
1333 4416 1399 4482 ab,
1418 4431 1482 4469 con·

155 4486 302 4535 structione
320 4484 354 4535 R.
375 4509 406 4521 -
437 4484 570 4536 instando
588 4483 653 4534 att:
677 4486 707 4535 in
723 4485 856 4535 intuendo
872 4482 928 4535 33.
951 4510 980 4523 -
1012 4485 1055 4538 35.
1074 4487 1244 4550 eutctpiendo
1260 4487 1325 4539 AR:
1354 4489 1385 4540 tn
1400 4491 1482 4540 ιιιιιι·

151 4556 251 4616 pienda
267 4554 325 4607 th.
346 4581 375 4594 -
407 4555 514 4607 crebrae
532 4559 676 4619 ιιιιιιιιιιι
693 4553 718 4604 Α
735 4561 763 4606 ιι
779 4567 872 4608 omnes
890 4554 1030 4619 Ellendtll,
1059 4556 1102 4609 Rc
1131 4564 1225 4610 acutae
1243 4559 1400 4623 crebraeque
1416 4557 1480 4624 (st)

155 4625 185 4674 3.
206 4646 238 4662 -
263 4625 307 4676 33.
326 4626 392 4690 quid
408 4633 496 4677 autern
514 4624 698 4676 admirabilius
715 4624 748 4675 R.
769 4650 801 4664 -
819 4625 863 4677 37.
883 4638 975 4690 penne
991 4640 1081 4678 rerurn
1097 4626 1257 4695 dantque:
1281 4643 1371 4681 rerurn
1387 4643 1480 4699 ponere

155 4694 219 4754 (att
235 4695 291 4746 33.
311 4722 341 4735 -·
369 4696 414 4748 33.
432 4699 503 4749 enirn
521 4709 575 4748 om.
593 4695 639 4746 ΑΒ
658 4700 686 4746 ct
702 4694 749 4760 bg.
769 4697 902 4748 meliores.
937 4697 992 4750 Noe
1009 4698 1172 4752 seclusimus.
1194 4723 1224 4736 -
1253 4714 1295 4752 ree
1313 4699 1391 4754 nra
1412 4715 1420 4753 t
1441 4707 1480 4754 eet

154 4777 196 4815 ree
213 4765 277 4829 (lit)
295 4765 352 4818 33.
371 4793 400 4806 -
422 4772 519 4818 ornato
536 4765 570 4816 Δ.
591 4792 620 4805 -
640 4765 685 4816 33.
705 4766 777 4818 debet
795 4766 817 4817 R
835 4767 954 4833 allique:
973 4768 1067 4821 debeat
1083 4768 1139 4821 33.
1160 4770 1211 4831 (Rs
1228 4768 1253 4822 Α
1270 4771 1336 4823 nlbtl
1354 4779 1479 4826 notatum

154 4831 332 4960 :aior-agit·
352 4838 477 4960 ιιιῗιέιιι
493 4836 576 4891 ABR.
596 4861 630 4876 ·-
650 4841 674 4890 et
691 4835 854 4906 languentis]
872 4840 956 4892 etiarn
973 4839 1123 4906 languentia
1139 4841 1174 4895 R.
1192 4865 1226 4879 -
1247 4840 1296 4895 31.
1316 4847 1342 4894 ιι
1358 4845 1480 4914 effrenati

318 4917 373 4961 311.
438 4939 448 4958 0
1168 4943 1170 4946 >
