3232 5392
592 222 627 288 C.
650 222 705 288 99.
727 223 781 288 99.
804 221 858 288 nt.
1329 221 1393 292 ³55

66 385 242 455 verecunde
264 392 296 449 et
318 381 499 447 dubitanter
520 387 691 465 recepissc;
714 405 813 449 unum
838 382 928 468 quasi
942 383 1239 468 comperendinatus
1254 381 1393 448 medium

66 484 149 547 diem
164 479 275 551 inisse,
298 498 391 564 quem
413 485 516 540 totum
539 476 668 543 Galbam
690 479 723 542 in
745 471 973 544 consideranda
994 499 1089 545 causa
1110 479 1392 562 componendaque

66 573 226 661 posuisse;
251 581 297 645 et,
321 593 391 637 cum
407 568 596 654 cognitionis
610 569 678 635 dies
694 578 778 635 esset
799 581 831 635 et
853 574 921 656 ipse
943 573 1077 639 Rutilius
1099 580 1212 657 rogatu
1233 572 1393 637 sociorum

67 672 195 733 domum
216 669 257 731 ad
280 663 408 730 Galbam
431 684 522 729 mane
544 662 695 740 venisset,
719 674 753 728 ul
775 686 848 729 eum
870 670 1054 733 admoneret
1075 675 1106 734 el
1120 670 1159 732 ad
1175 665 1299 732 dicendi
1315 672 1394 731 tem·

67 783 125 846 pus
146 759 335 833 adduceret,
358 779 457 844 usque
479 757 581 832 illum,
614 761 720 844 quoad
742 761 770 823 ei
793 759 971 826 nuntiatum
994 770 1078 827 esset
1098 762 1245 827 consules
1267 763 1418 826 descen-s

68 854 170 930 disse,
194 856 341 919 omnibus
363 852 514 928 exclusis,
549 862 792 918 commentatum
813 852 846 919 in
868 861 1002 939 quadam
1025 855 1179 923 testudine
1203 877 1275 921 cum
1297 855 1396 920 servis

68 949 213 1015 litteralis
236 948 349 1024 luisse,
378 968 514 1032 quorum
536 948 589 1012 alii
612 950 697 1014 aliud
719 949 838 1013 dictare
860 947 974 1015 eodem
996 958 1140 1035 tempore
1161 949 1272 1016 solitus
1294 957 1396 1014 esset:

68 1042 192 1109 interim
215 1063 285 1108 cum
308 1050 391 1106 esset
413 1041 443 1106 ei
465 1044 639 1108 nuntiatum
661 1053 788 1125 tempus
808 1062 895 1119 esse,
931 1043 1032 1109 exisse
1054 1043 1086 1109 in
1109 1042 1206 1110 aedes
1228 1063 1268 1109 eo
1290 1041 1397 1108 colore

68 1136 158 1202 eliis
180 1136 297 1211 oculis,
319 1147 354 1201 ut
375 1135 476 1219 egisse
500 1157 646 1213 calisam,
678 1158 744 1201 non
767 1144 1008 1203 commentatum
1030 1146 1169 1225 putares.
1211 1139 1264 1203 88.
1294 1139 1400 1202 adde·

68 1229 123 1296 bat
143 1230 235 1296 etiam
258 1229 352 1316 idque
373 1233 413 1294 ad
435 1251 503 1294 rem
525 1232 685 1317 pertinere
705 1227 854 1317 putabat,
878 1231 1049 1315 scriptores
1064 1231 1133 1297 illos
1149 1232 1230 1297 male
1245 1231 1435 1297 mulcatosao

69 1325 171 1391 exisse
194 1346 264 1392 cum
288 1322 401 1401 Galba;
438 1348 477 1389 ex
499 1347 562 1412 quo
584 1323 780 1411 significabat
801 1325 889 1391 iilum
911 1346 975 1391 non
996 1325 1029 1390 in
1050 1330 1173 1411 agendo
1196 1329 1318 1403 solum,
1342 1323 1400 1392 sed

69 1421 161 1486 eliam
190 1422 222 1485 in
251 1418 433 1484 meditando
461 1422 682 1485 vehementem
711 1429 805 1503 atque
833 1421 995 1484 incensum
1016 1419 1125 1486 luisse.
1171 1422 1256 1498 Quid
1278 1422 1400 1488 multat

70 1535 182 1600 magna
204 1512 457 1597 exspectatione,
488 1513 632 1597 plurimis
655 1514 867 1589 audientibus,
897 1533 1004 1580 coram
1025 1514 1095 1599 ipso
1117 1517 1226 1581 Laelio
1247 1514 1292 1581 sio
1314 1515 1401 1581 illam

70 1630 196 1674 causam
217 1618 302 1673 tanla
323 1606 354 1672 vi
375 1615 522 1690 tantaque
545 1609 697 1692 gravitate
720 1608 837 1674 dixisse
864 1607 1015 1683 Galbam,
1049 1616 1086 1671 ut
1114 1608 1200 1675 nulla
1229 1608 1297 1676 lere
1326 1631 1400 1694 pars

71 1701 223 1768 orationis
244 1700 368 1765 silentio
390 1703 631 1786 praeteriretur:
661 1704 781 1788 itaque,
803 1701 910 1768 multis
932 1700 1070 1787 querelis
1091 1702 1252 1789 multaque
1273 1704 1438 1770 misera-rs

72 1797 157 1861 tione
179 1794 334 1869 adbibita,
356 1795 475 1868 socios,
498 1795 644 1861 omnibus
666 1799 933 1882 approbantibus,
965 1797 1020 1861 illa
1042 1794 1094 1861 die
1116 1799 1300 1882 quaestione
1322 1799 1403 1865 libe·

71 1899 157 1956 ratos
178 1910 259 1955 esse.
305 1890 422 1953 xxlll.
447 1890 499 1953 89.
535 1893 585 1954 Ex
606 1893 663 1954 bac
685 1889 792 1955 Rutilii
813 1892 994 1956 narratione
1026 1892 1177 1976 suspicari
1205 1890 1296 1969 licet,
1332 1914 1403 1957 cum

72 1989 152 2051 duae
174 2003 315 2049 summae
336 1981 398 2046 sint
419 1980 452 2045 in
475 1992 601 2047 oratore
623 1982 747 2060 laudes,
771 2005 833 2051 una
848 1983 1008 2049 subtiliter
1026 1983 1207 2068 disputandi
1229 1985 1269 2052 ad
1290 1984 1406 2052 doeen-

72 2083 163 2154 dum,
186 2077 287 2142 altera
308 2077 447 2160 graviter
468 2075 581 2160 agendi
602 2080 642 2142 ad
664 2077 787 2143 animos
808 2077 1005 2144 audientium
1019 2081 1268 2165 permovendos,
1290 2084 1406 2146 multo·

73 2195 134 2260 que
164 2174 234 2259 plus
264 2168 406 2255 proficiat
433 2168 476 2245 is,
508 2172 562 2257 qui
591 2169 764 2237 inflammet
791 2171 929 2239 iudicem
958 2193 1053 2258 quam
1083 2171 1155 2248 ilie,
1194 2172 1250 2259 qui
1272 2171 1443 2250 doceat,so

74 2265 261 2351 elegantiam
283 2263 315 2327 in
337 2263 465 2341 Laelio,
502 2267 564 2328 vim
586 2266 618 2328 in
642 2269 742 2331 Galba
765 2265 875 2332 luisse.
922 2269 1012 2346 Quae
1033 2268 1162 2354 quidem
1183 2270 1231 2332 vis
1253 2276 1320 2334 tnm
1340 2288 1407 2333 ma-

73 2365 159 2426 ximc
180 2360 304 2443 cognita
327 2367 392 2433 est,
418 2377 505 2432 cum,
535 2361 694 2424 Lusitanis
716 2381 734 2425 a
756 2363 825 2427 Ser.
841 2363 941 2428 Galba
963 2369 1112 2447 praetore
1134 2369 1245 2427 contra
1266 2362 1408 2448 interpo-

73 2455 183 2528 sitam,
207 2463 241 2515 ιιι
263 2450 518 2528 existimabatur,
552 2450 646 2517 fidem
676 2452 868 2532 interiectis,
892 2460 930 2520 L.
947 2455 1071 2520 Libone
1093 2455 1222 2522 tribuno
1242 2455 1287 2542 pl.
1304 2476 1408 2540 popu·

77 2552 141 2614 lum
165 2547 312 2612 incitante
335 2555 366 2610 et
387 2546 583 2629 rogationem
607 2546 638 2611 in
655 2548 785 2614 Galbam
801 2549 959 2634 privilegii
973 2549 1109 2615 similem
1123 2547 1262 2624 serente,
1285 2568 1406 2614 summa

74 2652 250 2716 senectute,
273 2648 308 2704 ut
328 2649 399 2704 ante
422 2639 508 2714 dixi,
532 2643 574 2705 bl.
593 2644 669 2707 Calo
689 2640 792 2727 legem
814 2646 951 2710 suadens
973 2647 1006 2710 in
1029 2642 1159 2709 Galbam
1183 2645 1281 2708 mulla
1305 2641 1404 2719 dixit3
1417 2663 1444 2705 as

75 2758 169 2823 quam
192 2733 367 2800 orationem
389 2733 421 2798 in
444 2733 591 2818 Origines
613 2756 685 2800 suas
708 2737 845 2813 rettulit,
875 2742 985 2824 paucis
1006 2746 1173 2825 antequam
1196 2746 1339 2803 mortuus
1360 2745 1408 2801 est

76 2830 139 2917 [ao]
164 2828 290 2905 diebus,
313 2850 353 2893 an
375 2829 545 2894 mensibus.
589 2833 641 2895 90.
666 2834 745 2897 Tum
767 2832 864 2917 igitur
885 2832 964 2898 nibil
982 2853 1132 2899 recusans
1149 2834 1248 2898 Galba
1263 2853 1323 2915 pro
1338 2852 1407 2898 sese

75 2937 108 2993 et
128 2926 238 3012 populi
260 2925 394 2989 Romani
415 2921 509 2987 fidem
532 2925 724 3007 implorans,
749 2947 820 2991 cum
835 2948 911 2992 suos
926 2948 1057 3010 pueros,
1079 2936 1147 2991 tum
1164 2929 1198 2993 C.
1218 2925 1298 2992 Galli
1314 2926 1408 2991 eliam

76 3019 176 3087 filium
205 3023 282 3085 Gens
310 3017 567 3094 commendabat,
605 3021 693 3084 onius
723 3017 842 3087 orbitas
864 3030 896 3086 et
918 3024 1009 3087 fletus
1030 3019 1110 3086 mire
1140 3019 1328 3086 miserabilis
1349 3020 1410 3087 luit

75 3125 207 3203 propter
220 3120 379 3181 recentem
396 3113 580 3178 memoriam
595 3114 760 3179 clarissimi
774 3117 887 3201 patris:
910 3117 1000 3203 isque
1015 3136 1050 3181 se
1064 3125 1131 3181 tum
1143 3113 1258 3200 eripuit
1272 3111 1407 3188 ilumma,
1417 3135 1446 3176 so

77 3218 209 3295 propter
229 3227 345 3295 pueros
366 3206 581 3272 misericordia
603 3208 712 3295 populi
734 3218 911 3287 commota,
945 3211 1028 3276 sicut
1054 3213 1140 3275 idem
1163 3209 1314 3295 scriptum
1336 3209 1408 3276 reli·

77 3305 147 3388 quit
169 3305 255 3368 Cato.
299 3304 403 3387 Atque
424 3303 518 3366 etiam
541 3302 643 3386 ipsum
665 3305 822 3369 Libonem
843 3324 908 3371 non
930 3303 1083 3370 infantem
1105 3306 1198 3369 video
1224 3302 1343 3381 luisse,
1374 3311 1410 3369 ut
1524 3308 1529 3317 '

78 3396 337 3463 exorationibus
359 3397 427 3463 eius
448 3395 581 3482 intelligi
602 3404 718 3481 potest.
765 3402 817 3463 91.
842 3400 921 3463 Cum
943 3402 1021 3464 baec
1044 3398 1193 3465 dixissem
1215 3408 1247 3464 et
1268 3396 1408 3485 paullum

76 3491 366 3579 interquievissem,
391 3491 476 3569 Quid
496 3491 611 3576 igitur,
635 3491 753 3577 inquit,
776 3501 825 3558 est
845 3514 975 3570 causae,
998 3497 1132 3570 Brutus,
1156 3493 1183 3559 si
1204 3500 1288 3557 tanta
1310 3493 1409 3556 virtus

78 3589 111 3652 in
133 3596 260 3654 oratore
282 3587 381 3651 Galba
401 3587 478 3662 luit,
510 3607 567 3651 cur
589 3606 627 3651 ea
647 3587 734 3652 nulla
755 3587 789 3652 in
811 3587 1006 3654 orationibus
1026 3589 1096 3653 eius
1118 3591 1287 3673 appareat?
1322 3589 1445 3671 quodss

78 3682 187 3747 mirari
210 3702 272 3746 non
293 3700 423 3766 possum
444 3679 477 3745 in
498 3683 561 3756 eis,
584 3680 638 3768 qui
659 3681 738 3747 nibil
759 3684 889 3746 omnino
912 3680 1020 3768 scripti
1043 3680 1250 3768 reliquerunt.
1295 3683 1409 3751 xlllll.

79 3779 144 3841 Nec
166 3775 251 3840 enim
272 3784 320 3840 est
341 3772 466 3849 eadem,
500 3777 644 3861 inquam,
676 3779 791 3853 Brute,
823 3795 917 3842 causa
939 3797 1004 3840 non
1025 3775 1185 3841 scribendi
1206 3783 1323 3841 elnon
1345 3784 1409 3840 um

79 3872 162 3936 bene
183 3868 356 3944 scribendi,
380 3888 473 3954 quam
496 3869 642 3934 dixerint.
684 3873 764 3934 Nam
784 3872 928 3936 videmus
949 3869 1029 3935 alios
1043 3877 1188 3936 oratores
1204 3871 1318 3935 inertia
1332 3868 1409 3935 nibil

80 3962 260 4050 scripsisse,
283 3984 323 4029 ne
346 3964 538 4028 domesticus
560 3963 653 4029 etiam
675 3962 767 4030 labor
788 3967 953 4030 accederet
974 3965 1014 4029 ad
1027 3962 1205 4040 forensem,
1229 3963 1409 4050 (pleraeque

81 4061 166 4125 enim
194 4057 373 4125 scribuntur
401 4057 561 4123 orationes
588 4055 713 4124 babilae
741 4057 824 4137 iam,
862 4079 928 4124 non
947 4067 983 4124 ut
1003 4056 1214 4143 babeanturzl
1251 4061 1304 4123 99.
1328 4057 1446 4131 anos..

149 4319 177 4371 7.
205 4317 253 4369 oitl
274 4316 350 4370 ottod
367 4317 506 4369 Menullus
524 4318 597 4379 apud
615 4314 712 4367 lllduor
730 4314 879 4378 Nepotema
911 4314 988 4366 allud
1006 4314 1055 4366 otll
1078 4315 1149 4367 idem
1176 4317 1231 4365 suls
1259 4315 1286 4364 ln
1314 4313 1405 4374 Edd,

80 4387 142 4442 otu·
157 4388 233 4440 allud
251 4388 272 4438 ll
291 4391 380 4449 conl·;
399 4390 448 4441 uttt
465 4398 518 4439 om.
537 4389 560 4438 ll
580 4393 606 4439 et
624 4388 682 4438 tlbrl
702 4392 806 4449 praeter
824 4385 871 4450 bg.
885 4385 930 4437 90.
950 4397 980 4436 ee
999 4384 1104 4445 Valle:
1125 4399 1178 4449 quo
1200 4385 1293 4437 ordlne
1315 4385 1341 4435 bl
1361 4385 1407 4435 ba·

81 4462 177 4520 beent,
198 4460 303 4511 Ellendt
321 4473 373 4510 non
393 4461 466 4512 dtctt.
495 4481 522 4493 —
555 4460 599 4509 lo.
617 4460 646 4509 ld
664 4459 735 4523 quod
753 4456 845 4506 bamb.
867 4481 897 4493 -
925 4456 970 4527 l'l.
988 4455 1229 4507 llutttttOrelllnss
1260 4454 1408 4507 llullltub

81 4539 108 4583 et
126 4531 185 4581 llbrl
205 4536 312 4593 praeter
330 4531 376 4594 bg.
396 4531 442 4580 90.
462 4529 506 4581 95.
522 4530 587 4590 lte,
607 4531 633 4578 lo
652 4528 750 4591 qulbus
769 4533 808 4578 est
824 4526 984 4585 llutlllono,
1003 4532 1033 4577 ut
1050 4527 1120 4589 apud
1139 4525 1232 4576 Lomb.
1252 4525 1283 4575 ll.
1305 4549 1336 4563 -
1361 4527 1406 4576 99.

81 4603 111 4652 b.
130 4601 229 4652 Ltbone
254 4601 403 4653 Corradus:
434 4601 465 4651 Τ.
490 4600 589 4651 Ltbose
615 4611 675 4649 curn
701 4598 774 4649 ltbrts
793 4596 855 4648 llll.
884 4622 916 4635 -
947 4597 992 4647 97.
1012 4610 1051 4645 uo
1067 4597 1221 4648 suetorlbns
1239 4595 1324 4647 Pareo
1342 4597 1406 4649 Lex.

82 4675 141 4724 ertt.
167 4686 193 4736 p.
218 4672 262 4722 88.
282 4679 309 4723 et
326 4672 431 4723 Bandlo
449 4670 527 4720 lura.
547 4671 569 4720 l.
590 4682 617 4732 p.
638 4669 699 4720 908.
718 4668 883 4720 seeluslmus.
910 4694 944 4706 -
973 4666 1041 4716 olbtl
1062 4679 1237 4721 recusamur
1256 4667 1314 4718 Vel.
1332 4667 1406 4719 llsx.

82 4743 115 4803 8,
135 4745 166 4804 1,
185 4743 218 4792 9.
243 4742 384 4794 Corradus.
415 4741 486 4792 blbrl
512 4754 564 4793 orn.
587 4739 664 4792 otbll.
695 4763 722 4776 -
755 4739 799 4790 90.
826 4741 899 4805 etque
921 4750 950 4788 se
967 4736 1020 4787 Gu.
1038 4736 1086 4794 9.,
1114 4738 1184 4789 uude
1202 4738 1282 4789 Peter
1309 4739 1408 4789 morule

83 4817 171 4880 stoque
186 4826 223 4864 as.
252 4838 283 4850 -
314 4812 437 4879 {tammus
454 4812 517 4873 Lag.
536 4812 580 4862 90.
597 4809 642 4860 00.
664 4808 785 4877 {flamme
801 4823 862 4864 eun
878 4810 975 4862 ceteris
998 4810 1078 4860 etlam
1099 4808 1145 4868 R.)
1169 4835 1199 4848 -·
1229 4806 1273 4861 99.
1291 4810 1408 4874 opporae

84 4886 163 4950 ltbrl,
183 4884 218 4946 ll,
236 4883 323 4938 Peter.
360 4882 461 4940 Vlttum
479 4884 593 4937 correxll
608 4880 764 4935 bemblnus.

694 5048 781 5107 ζ,
