3232 5392
165 208 228 273 486
490 194 496 206 ’
566 207 796 276 ORATORIAE
816 205 1079 273 PARTITIONES

167 370 237 436 118.
260 367 316 432 llis
337 363 404 432 fere
427 368 521 432 rebus
542 365 615 432 lacti
638 368 774 454 suspicio
795 364 1013 441 confirmatur,
1035 384 1107 431 oum
1130 372 1162 432 et
1184 365 1352 433 voluntatis
1373 369 1407 436 in
1429 388 1488 435 reo

166 480 277 527 causae
298 461 497 548 reperiuntur
518 470 549 526 et
568 460 710 528 facultas.
754 464 790 527 ln
811 464 972 527 voluntate
993 468 1098 526 antem
1118 459 1236 527 utilitas
1259 482 1300 527 cx
1314 459 1487 549 adeptione

165 553 297 620 alicuius
327 554 484 620 commodi
514 554 728 640 vitationeque
761 555 893 621 alienius
924 553 1117 621 incommodi
1148 555 1327 642 quaeritur,
1363 565 1399 622 ut
1431 567 1486 625 ant

166 670 237 736 spes
252 656 306 715 ant
327 658 428 714 metus
449 649 611 733 impulisse
632 648 777 716 videatur
797 660 851 715 aut
871 649 951 715 alius
972 650 1155 735 repentinus
1177 650 1272 716 animi
1291 658 1409 728 motus,
1433 653 1487 740 qni

141 742 259 808 setiam
283 742 373 808 citius
395 741 428 806 in
449 740 593 809 fraudem
614 764 709 831 qnam
729 747 810 811 ratio
832 743 972 809 utilitatis
994 742 1140 828 impellit.
1189 746 1403 823 Quamobrem
1425 747 1489 813 sint

164 839 243 903 baec
264 837 346 902 dicta
367 838 407 902 de
429 837 541 902 causis.
589 839 658 903 tlt.
683 839 717 903 C.
734 841 770 905 F.
794 843 921 916 Teneo;
945 845 977 905 et
998 858 1137 926 quaero,
1161 841 1216 925 qui
1238 841 1301 905 sint
1322 839 1369 905 illi
1391 861 1488 907 even·

164 941 232 1010 tus,
256 953 336 1019 quos
357 953 396 997 ex
418 931 519 998 causis
541 929 623 997 effici
640 931 757 999 dixisti.
802 935 950 999 XXXlll.
976 935 1009 1001 C.
1023 934 1059 998 P.
1084 933 1315 1018 Consequentia
1330 938 1484 1021 quasdam

164 1029 251 1113 signa
273 1027 434 1113 praeteriti
457 1034 489 1091 et
503 1029 592 1112 qnasi
607 1028 762 1112 impressa
776 1026 850 1094 iacti
870 1025 1018 1111 vestigia;
1043 1047 1125 1113 quae
1139 1027 1268 1113 quidem
1283 1031 1334 1095 vel
1350 1029 1485 1096 maxime

164 1120 373 1207 suspicionem
394 1129 522 1186 movent
544 1128 577 1185 et
598 1123 689 1206 qnasi
711 1121 806 1201 tacita
827 1130 901 1187 sunt
922 1122 1088 1187 criminum
1112 1123 1289 1187 testimonia
1311 1129 1404 1210 atque
1426 1128 1485 1189 boc

126 1232 154 1277 ιι
164 1218 292 1303 quidem
306 1216 470 1300 graviora,
493 1213 577 1301 quod
599 1234 712 1280 causae
726 1215 935 1282 communiter
949 1216 1096 1281 videntur
1109 1214 1291 1282 insimulare
1305 1225 1337 1283 et
1351 1236 1484 1303 arguere

164 1330 274 1377 omncs
295 1331 408 1397 posse,
432 1330 566 1397 quorum
588 1313 683 1375 modo
704 1308 882 1375 interfuerit
903 1308 1041 1394 aliquid,
1077 1308 1160 1375 hacc
1179 1313 1308 1397 proprie
1330 1313 1485 1396 attingunt

163 1426 219 1471 eos
240 1405 344 1491 ipsos,
368 1403 422 1491 qui
446 1411 636 1490 arguuntur,
668 1412 703 1470 ut
724 1403 842 1480 telum,
870 1412 905 1469 ut
925 1406 1107 1489 vestigium,
1128 1413 1165 1470 ut
1187 1424 1294 1483 cruor,
1316 1416 1353 1472 ut
1374 1410 1486 1494 deprc-

162 1501 295 1567 hsnsum
322 1497 456 1586 aliquid,
491 1502 577 1584 quod
606 1500 744 1566 ablatum
767 1507 950 1585 ereptumve
976 1500 1138 1574 rideatur,
1171 1511 1206 1565 ut
1227 1520 1415 1588 responsum
1438 1501 1484 1567 in-

163 1602 359 1671 constanter,
382 1602 417 1660 ιιι
439 1592 644 1669 haesitatum,
673 1601 709 1659 ut
730 1593 911 1668 titubatum,
944 1600 981 1659 nt
1001 1615 1073 1659 cnm
1094 1593 1201 1679 aliquo
1228 1595 1325 1672 visus,
1360 1615 1486 1682 exque

124 1692 300 1776 :susspicio
322 1687 458 1766 oriatur,
492 1696 528 1754 nt
555 1690 686 1775 eoipso
708 1690 741 1753 iu
763 1687 955 1763 lucerinus,
989 1692 1022 1754 in
1049 1709 1112 1776 quo
1135 1691 1274 1767 facinus,
1305 1698 1342 1757 ut
1361 1689 1483 1774 pallor,

163 1793 198 1851 ut
220 1795 354 1860 tremor,
376 1791 412 1849 nt
432 1785 581 1870 scriptum
603 1792 657 1849 aut
679 1783 878 1868 obsignatum
900 1792 955 1849 aut
975 1783 1153 1867 depositum
1175 1783 1347 1870 quidpiam.
1401 1786 1488 1850 llaec

165 1877 248 1945 eninr
278 1886 312 1945 ct
338 1880 412 1944 talia
442 1888 531 1958 sunt,
566 1900 647 1966 quae
676 1887 729 1945 ant
758 1881 792 1943 iu
817 1899 853 1944 re
873 1877 944 1961 ipsa
964 1885 1019 1943 aut
1040 1881 1135 1944 etiam
1156 1887 1229 1944 ante
1251 1899 1348 1966 qnam
1369 1877 1484 1946 sactum

166 1983 213 2041 est
241 1981 296 2039 ant
322 1979 433 2060 postea
464 1973 674 2060 suspiciosum
703 1974 820 2038 crimen
847 1969 994 2037 efficiant.
1039 1976 1109 2039 115.
1133 1975 1221 2052 Quae
1243 1973 1270 2040 si
1292 1995 1356 2041 non
1377 1980 1483 2050 erunt,

164 2076 271 2134 umen
291 2069 394 2134 causis
415 2066 492 2153 ipsis
514 2074 547 2132 et
567 2066 725 2134 efficiendi
746 2065 945 2133 facultatibus
965 2068 1022 2132 niti
1045 2068 1223 2152 oportebit,
1260 2071 1406 2135 adiuncta
1433 2067 1486 2134 illa

125 2161 379 2248 udtsputatione
402 2163 580 2238 communi,
614 2182 679 2228 non
700 2160 796 2228 baisse
817 2161 906 2227 illum
927 2168 991 2227 tam
1013 2171 1185 2240 amentem,
1217 2172 1253 2229 ut
1273 2162 1390 2228 indicia
1412 2163 1485 2228 lacti

164 2265 220 2324 aut
242 2259 383 2340 elingere
403 2265 459 2321 ant
479 2255 637 2322 occultare
658 2276 722 2323 uon
745 2265 867 2343 posset,
900 2263 937 2321 ut
962 2258 1008 2321 ita
1028 2265 1155 2340 apertus
1183 2265 1285 2335 esset,
1318 2265 1354 2323 ut
1381 2254 1485 2322 locum

164 2350 288 2419 erimim
309 2353 511 2438 relinqueret.
555 2351 736 2418 Communis
766 2352 819 2418 ille
846 2358 956 2416 contra
978 2352 1087 2428 locus,
1121 2349 1282 2417 audaciam
1303 2348 1484 2426 temeritati,

164 2467 229 2513 non
259 2447 444 2530 prudentiae
473 2465 544 2511 esse
572 2447 781 2512 coadunatam.
829 2449 901 2511 116.
937 2444 1085 2532 Sequitur
1113 2454 1217 2511 antem
1245 2447 1300 2513 ille
1326 2445 1417 2512 loom
1445 2442 1486 2510 ad

165 2543 361 2625 augendum,
390 2559 454 2604 non
475 2559 544 2604 essa
566 2543 827 2622 exspectandum,
858 2543 933 2606 dum
955 2538 1108 2617 intentum
1144 2541 1336 2627 argumentis
1357 2547 1486 2626 peccata

126 2657 154 2699 ιι
163 2635 329 2714 οοιιιίιιιί;
363 2643 396 2702 et
423 2635 476 2700 hic
497 2635 592 2699 etiam
615 2634 759 2721 exempla
779 2646 948 2718 ponentur.
992 2637 1136 2701 XXXIV.
1174 2639 1246 2701 117.
1279 2639 1381 2720 Atque
1408 2637 1486 2699 haec

165 2729 295 2817 quidem
316 2732 356 2795 de
378 2728 581 2814 argumentis.
628 2731 683 2796 Sin
704 2739 809 2795 antem
831 2729 892 2796 erit
912 2730 1006 2795 etiam
1028 2732 1154 2796 testium
1175 2729 1320 2805 sacnhm,
1349 2729 1485 2816 primum

164 2846 261 2912 genus
282 2823 343 2891 erit
361 2822 465 2910 ipsum
480 2821 671 2889 laudandum
685 2823 933 2910 dicendumque,
956 2844 997 2890 nc
1012 2824 1206 2908 argumentis
1221 2832 1383 2891 teneretur
1396 2844 1483 2900 reus,

163 2918 266 3006 ipsum
288 2940 343 2985 sua
365 2921 510 2984 cautione
533 2919 691 2995 effecisse,
715 2927 809 2984 testes
824 2923 963 3003 effugere
978 2939 1041 2984 non
1054 2921 1214 3003 potuisse;
1237 2918 1352 2986 deinde
1370 2917 1484 3004 singuli

163 3013 331 3080 laudentur
351 3048 393 3062 -
414 3033 495 3101 quae
516 3020 620 3078 autem
643 3023 747 3078 essent
766 3015 948 3087 laudabilia,
971 3012 1087 3079 dictum
1111 3021 1158 3078 est
1171 3038 1231 3092 -3
1255 3016 1369 3079 deinde
1390 3013 1484 3079 etiam

126 3115 349 3193 scargumento
370 3106 483 3184 lirmo,
507 3107 580 3193 quia
601 3115 705 3173 tamen
727 3128 821 3192 saepe
843 3106 955 3172 salsum
977 3116 1037 3183 est,
1067 3127 1160 3194 posse
1182 3116 1267 3174 recte
1288 3129 1354 3175 non
1375 3110 1482 3185 credi3

163 3205 231 3270 viro
254 3200 338 3269 hono
361 3211 395 3268 et
415 3200 507 3268 firmo
529 3204 596 3268 sinc
618 3201 696 3269 vitio
717 3201 829 3268 indicis
851 3223 916 3267 non
937 3223 1029 3286 posse
1044 3222 1108 3269 non
1122 3201 1219 3270 credi.
1261 3205 1363 3290 htqne
1379 3204 1482 3280 etiam,

164 3297 192 3363 si
213 3294 337 3363 obscuri
359 3306 455 3364 testes
478 3306 570 3363 erunt
589 3305 644 3363 ant
664 3306 791 3372 tennes,
820 3295 986 3362 dicendum
1007 3296 1083 3373 erit,
1118 3317 1182 3362 non
1204 3316 1274 3362 esse
1295 3318 1336 3363 ex
1357 3300 1483 3364 lortnna

162 3390 257 3458 iidem
280 3394 535 3478 ponderandam,
568 3401 623 3458 ant
652 3413 707 3458 eos
735 3411 804 3457 esse
824 3393 977 3478 ¹cuinsqne
997 3389 1262 3475 locupletissimos
1283 3399 1395 3468 testes,
1429 3391 1483 3478 qni

162 3485 212 3562 id,
247 3484 287 3551 de
309 3506 373 3570 qno
394 3495 520 3571 agatur,
544 3485 689 3553 facillime
710 3482 943 3572 scire'possint.
988 3484 1043 3551 Sin
1064 3489 1263 3571 quaestiones
1285 3486 1410 3553 habitae
1431 3494 1484 3552 ant

126 3598 154 3642 ss
164 3578 356 3663 postulatio,
380 3589 414 3645 nt
435 3582 625 3658 habeantur,
654 3602 778 3646 causam
801 3579 1006 3656 admeabunt,
1031 3580 1278 3646 confirmandum
1300 3602 1399 3666 genus
1419 3581 1484 3667 pri·

152 3675 250 3740 'mum
272 3673 492 3760 quaestionum
513 3679 591 3754 erit;
615 3674 782 3742 dicendum
804 3677 844 3740 de
866 3673 898 3740 vi
919 3673 1057 3751 doloris,
1081 3678 1120 3741 de
1143 3674 1293 3762 opinione
1314 3676 1481 3752 maiorum,

164 3771 220 3856 qni
241 3791 309 3836 eam
332 3789 398 3835 rem
421 3776 534 3846 totam,
557 3771 616 3834 nisi
638 3772 838 3856 probassent,
861 3780 946 3836 certe
966 3772 1203 3857 repudiassent3
1236 3773 1307 3836 118.
1332 3769 1371 3836 dc
1394 3769 1482 3836 insti-

163 3863 238 3930 tutis
259 3862 514 3940 Atheniensium,
547 3867 759 3941 Rhodiorum,
792 3864 1045 3931 doctissimorum
1073 3868 1256 3943 hominnm,
1292 3867 1374 3951 apud
1401 3884 1482 3950 quos

165 3957 260 4024 etiam
270 3995 312 4007 -
323 3960 355 4023 id
367 3959 452 4044 quod
464 3955 700 4025 acerbissimum
711 3968 760 4024 est
771 3995 810 4005 -
822 3958 914 4024 liberi
925 3961 1071 4045 civesque
1082 3967 1283 4046 torquentum
1302 3962 1342 4024 de
1356 3966 1482 4025 nostro·

77 4091 79 4099 ,
125 4070 234 4118 sorum
255 4056 349 4119 etiam
370 4051 687 4138 prudentissimorum
708 4054 870 4120 hominnm
900 4052 1068 4130 institutis,
1104 4056 1158 4138 qni
1184 4073 1255 4119 oum
1283 4055 1316 4118 in
1337 4055 1481 4119 dominos

164 4146 204 4213 de
231 4151 330 4215 servis
361 4149 472 4234 quaeri
502 4148 690 4224 noluissent,
723 4151 763 4214 de
790 4149 913 4231 incestu
940 4156 1044 4213 tamen
1071 4154 1104 4213 et
1131 4147 1366 4226 coniuratione,
1401 4167 1482 4234 quae

162 4240 245 4308 laeta
265 4263 317 4307 me
338 4244 468 4308 consule
490 4251 556 4321 est,
586 4245 800 4327 quaerendum
821 4249 1019 4326 putaverunt.
1072 4241 1236 4308 Irridenda
1257 4245 1353 4308 etiam
1374 4245 1482 4326 dispu-

233 4442 260 4494 3.
280 4443 393 4495 ultratus
411 4458 463 4496 om.
484 4443 535 4496 Gn.
554 4447 619 4507 (non
638 4441 705 4510 RV.)
725 4469 754 4480 -
776 4443 803 4494 d.
823 4441 903 4507 attus]
922 4444 1019 4510 etquis
1037 4457 1067 4497 ιι
1087 4444 1157 4496 de.
1177 4452 1240 4497 vett.
1260 4445 1410 4497 Schtltztns.
1437 4443 1482 4509 (Ut

163 4525 228 4575 nos,
248 4513 313 4574 RV.)
333 4541 361 4554 -
382 4516 409 4567 5.
428 4518 492 4566 buce
508 4517 561 4567 ιίιιι
579 4514 621 4577 V,
639 4515 702 4567 bueo
719 4521 779 4565 ιιιιιι
796 4516 828 4567 tt.
847 4538 882 4551 -
898 4514 925 4566 8.
945 4523 1006 4567 suat
1024 4518 1102 4579 quusi
1120 4517 1202 4567 tacito
1220 4517 1276 4569 llll.
1296 4541 1330 4552 -
1348 4517 1393 4567 ta.
1411 4516 1482 4580 ipsos

165 4596 207 4635 sor
224 4585 279 4635 llll.
302 4609 333 4621 -
352 4586 397 4637 15.
415 4588 519 4649 scotusc
535 4590 635 4653 [ιιιιιιιιι
651 4588 731 4652 feerit
752 4599 799 4638 sex
818 4592 906 4639 vetere
923 4593 1070 4649 sculpturas
1090 4585 1124 4650 (t)
1142 4587 1236 4638 lamb.
1256 4614 1288 4626 -
1306 4587 1351 4638 17.
1370 4588 1440 4638 enlm
1457 4591 1481 4638 et
1565 4603 1570 4621 =

163 4654 219 4705 elie
237 4656 275 4716 B,
294 4657 362 4706 enlm
380 4656 447 4707 telin
466 4656 498 4707 V.
520 4682 552 4694 -
571 4659 614 4707 28.
632 4659 721 4722 {actm
738 4657 775 4717 ll,
796 4663 827 4707 nt
844 4658 959 4708 edebant
977 4658 1038 4711 tnde
1057 4659 1090 4709 ab
1107 4659 1175 4710 Aldu
1194 4658 1329 4721 usquead
1350 4657 1427 4709 Grnt.
1448 4683 1480 4695 -

162 4725 208 4775 ab.
227 4733 380 4790 argumento
399 4729 479 4778 etium
495 4727 551 4778 RV.
581 4754 608 4766 -
641 4727 685 4778 33.
709 4725 843 4792 cuiusque]
863 4728 939 4778 butus
957 4731 996 4779 res·
1013 4729 1045 4779 Y.
1075 4753 1106 4765 -
1137 4728 1181 4780 37.
1208 4743 1266 4780 sum
1284 4743 1337 4780 om.
1357 4730 1399 4788 B,
1429 4729 1479 4780 lid.

163 4795 231 4847 Vsu.
256 4796 332 4857 prob.
361 4796 424 4847 lirn-
441 4797 554 4851 serrant
572 4798 629 4849 RV.
663 4822 691 4833 —
725 4799 768 4849 88.
788 4799 1001 4861 Rhodiorumque
1018 4800 1111 4851 lamb.
1140 4826 1174 4836 -
1202 4800 1246 4852 to.
1266 4800 1432 4852 cumanos
1450 4799 1481 4854 de

164 4867 243 4918 ιιιυιι
262 4864 313 4917 Gn.
332 4871 375 4930 v,
396 4872 427 4918 ut
444 4874 484 4920 cst
501 4880 550 4932 pru
568 4869 597 4921 8.
616 4867 712 4922 Roscto
730 4873 789 4921 hm.
811 4869 841 4927 C,
861 4869 926 4922 ab:
944 4871 976 4920 de
993 4871 1076 4923 servit
1093 4872 1123 4923 ta
1140 4870 1331 4926 dominosltll.
