3232 5392
630 269 707 334 Lis.
730 268 756 332 1.
802 270 834 336 C.
857 268 886 334 8.
909 270 938 334 9.
1386 273 1446 337 179

125 432 196 519 quis
215 432 277 495 boc
297 449 361 495 non
380 427 451 495 iure
470 427 604 494 miretur
624 449 807 514 summeque
828 431 861 494 in
883 452 922 495 eo
945 427 1169 496 elaborandum
1185 448 1254 494 essc
1269 432 1443 509 arbitretur,

126 534 177 602 ut,
206 543 270 612 quo
291 543 357 590 uno
378 526 523 590 homiues
545 523 680 590 maxime
702 524 810 591 bestiis
831 531 1005 612 praestent,
1034 527 1067 589 in
1089 522 1149 588 boc
1170 522 1350 588 bominibus
1371 524 1447 610 ipsis

125 620 308 687 antecellat?
343 623 382 685 Ut
409 642 486 687 uero
518 621 580 687 ium
610 620 649 686 ad
671 620 725 687 illa
745 640 865 685 summa
886 619 1062 693 veniamus,
1096 637 1177 703 quae
1198 619 1246 683 ris
1267 617 1327 684 alia
1347 621 1450 706 potnit

125 724 179 781 eut
199 714 361 802 dispersos
378 715 522 781 bomines
543 736 642 782 unum
663 715 695 780 in
722 715 827 781 locum
854 734 1046 800 congregare
1068 721 1123 778 aut
1143 732 1160 777 a
1182 711 1249 778 fera
1269 714 1449 797 agrestique

125 810 189 875 vita
217 812 257 874 ad
286 811 369 874 bunc
397 813 567 875 humanum
590 809 707 876 cultum
729 808 915 896 ciuilemque
937 808 1094 875 deducere
1116 814 1170 872 aut
1189 807 1252 872 iam
1273 807 1471 873 constitutiss

125 901 301 969 civitatibus
321 903 424 989 leges,
447 903 579 978 iudicia,
608 903 676 969 iura
698 903 903 971 describere?
939 905 991 968 31.
1013 910 1057 968 Ac
1077 923 1118 966 ue
1141 899 1245 988 plura,
1274 922 1356 987 quae
1377 907 1450 966 sunt

124 1016 226 1086 paene
247 995 502 1073 innumerabilia,
524 1005 707 1075 consecter,
731 999 995 1084 comprehendam
1017 995 1127 1062 brevi:
1160 995 1206 1061 sic
1225 995 1310 1062 enim
1332 1003 1448 1070 statuo,

125 1091 258 1176 perfecti
285 1092 419 1158 oratoris
447 1092 663 1159 moderatione
693 1101 725 1158 ct
754 1092 905 1180 supientia
935 1113 999 1156 non
1021 1092 1123 1155 solum
1145 1090 1246 1174 ipsius
1267 1089 1449 1175 dignitatem

126 1188 182 1251 sed
204 1195 237 1251 et
256 1186 449 1273 privatorum
466 1186 681 1272 plurimorum
703 1195 735 1253 et
755 1188 922 1255 universae
943 1186 990 1249 rei
1005 1182 1150 1270 publicae
1165 1182 1297 1250 salutem
1312 1185 1449 1248 maxime

126 1278 291 1344 contineri.
334 1278 549 1358 Quamobrem
579 1281 717 1368 pergite,
751 1291 786 1349 ut
810 1281 930 1357 facitis,
965 1279 1197 1358 adolescentes3
1234 1287 1327 1366 alque
1355 1280 1388 1346 in
1416 1277 1449 1344 id
1461 1300 1487 1339 ro

125 1371 279 1447 studium,
309 1373 342 1439 in
363 1394 428 1460 quo
450 1377 541 1451 estis,
570 1375 758 1452 incumbite,
787 1385 823 1442 ut
844 1385 876 1442 et
895 1377 987 1441 vobis
1007 1372 1122 1438 honori
1144 1378 1176 1437 et
1197 1372 1303 1439 amicis
1324 1373 1449 1439 utilitati

126 1474 158 1534 et
176 1471 225 1534 rei
246 1467 389 1555 publicae
411 1468 622 1549 emolumento
645 1491 714 1535 osse
735 1471 873 1555 possitis.
917 1471 974 1534 lx.
998 1471 1050 1532 35.
1083 1471 1161 1532 Tum
1185 1466 1333 1533 Scaevola
1354 1467 1451 1532 comi·

127 1571 192 1638 ter,
223 1569 260 1626 ut
282 1561 419 1636 solebat,
448 1563 575 1637 Cetera,
604 1563 720 1650 inquit,
751 1569 903 1631 assentior
925 1564 1054 1648 Crasso,
1089 1581 1129 1625 ne
1150 1569 1203 1625 aut
1225 1566 1264 1626 de
1286 1561 1321 1625 C.
1337 1561 1449 1637 Laelii,

126 1655 231 1723 soceri
250 1655 313 1721 mei
334 1665 387 1721 aut
407 1654 446 1721 de
468 1656 559 1722 buius
603 1660 712 1740 generi
745 1666 798 1725 aut
829 1666 896 1723 arta
919 1664 972 1723 aut
992 1654 1092 1741 gloria
1115 1654 1295 1734 detrabam;
1322 1654 1451 1721 sedilia

127 1752 209 1826 duo,
235 1750 359 1825 Crasse,
381 1770 511 1827 uereor,
533 1760 569 1817 ut
590 1750 649 1816 tibi
670 1758 789 1836 possim
810 1755 1001 1818 concedere:
1038 1770 1154 1827 unum,
1179 1747 1264 1836 quod
1286 1753 1325 1815 ab
1347 1757 1487 1813 orato-rs

125 1843 214 1910 ribus
246 1843 385 1910 civitates
413 1853 445 1909 et
472 1845 563 1911 initio
592 1849 775 1912 constitutas
808 1855 841 1913 et
871 1865 965 1932 saepe
996 1854 1199 1910 conservatas
1231 1864 1300 1909 esse
1330 1844 1450 1918 dixisti,

126 1937 276 2014 alterum,
300 1937 401 2026 quod,
424 1948 549 2005 remoto
570 1939 658 2018 loro,
683 1941 845 2017 contione,
870 1938 1013 2015 iudiciis,
1037 1945 1165 2014 senatu,
1191 1936 1325 2003 statuisti
1347 1945 1452 2002 orato-

126 2044 194 2096 rem
216 2033 250 2095 iu
272 2033 358 2097 omni
379 2054 495 2117 genere
516 2035 672 2100 sermonis
695 2043 727 2101 et
747 2033 947 2101 humanitatis
969 2051 1038 2097 esse
1066 2031 1252 2115 perlectum.
1297 2031 1451 2110 36.an
1571 2038 1576 2049 '

126 2125 212 2190 eninr
244 2124 300 2191 tibi
332 2130 394 2192 boc
425 2129 631 2205 concesserit,
669 2139 722 2194 ant
749 2129 839 2195 initio
869 2148 967 2214 genus
997 2124 1160 2191 bominum
1180 2126 1214 2191 in
1235 2124 1394 2192 montibus
1415 2147 1451 2191 ac

127 2219 211 2287 silvis
233 2220 416 2307 dissipatum
438 2243 502 2288 non
523 2223 727 2306 prudentium
749 2223 888 2289 consiliis
909 2219 1105 2304 compulsum
1123 2224 1338 2305 potiusquam
1353 2223 1489 2286 diser-m

127 2322 231 2380 torum
260 2319 401 2381 erutione
429 2317 602 2382 delenitum
630 2338 664 2383 se
691 2317 816 2404 oppidis
837 2312 1065 2400 moenibusque
1089 2314 1263 2401 saepsisse?
1299 2324 1353 2381 aut
1373 2334 1451 2380 vero

126 2408 267 2495 reliquas
288 2409 437 2477 utilitates
458 2420 512 2476 ant
532 2414 564 2476 in
584 2411 807 2478 constituendis
828 2411 936 2476 autin
959 2409 1182 2474 conservandis
1196 2409 1374 2474 civitatibus
1388 2429 1451 2474 non

126 2523 145 2568 a
166 2501 359 2588 sapientibus
380 2513 412 2570 et
431 2504 566 2571 torribus
587 2505 663 2571 viris
684 2509 740 2572 sed
770 2528 789 2571 a
821 2504 946 2570 disertis
979 2510 1150 2586 ornateque
1178 2502 1353 2569 dicentibus
1383 2522 1451 2568 esse

127 2598 330 2663 eorsutumst
366 2603 419 2664 37.
448 2602 498 2664 An
525 2620 601 2666 vero
634 2603 692 2665 tibi
719 2599 870 2666 Romulus
898 2600 953 2663 ille
981 2604 1036 2662 aut
1063 2604 1207 2678 pastores
1236 2605 1268 2663 et
1294 2616 1451 2664 convenas

127 2711 337 2777 congregasse
365 2703 419 2760 aut
445 2692 633 2760 Sabinorum
661 2697 816 2760 connubia
843 2694 1043 2759 coniunxisse
1072 2700 1127 2757 aut
1155 2689 1360 2758 finitimorum
1386 2693 1488 2756 virus

126 2789 316 2872 repressisse
337 2786 517 2874 eloquentia
538 2789 679 2864 videtur,
700 2809 764 2854 uon
786 2790 919 2854 consilio
942 2795 974 2852 et
987 2788 1139 2873 sapientia
1153 2787 1323 2871 singulari?
1345 2788 1450 2864 Quidi

126 2881 160 2945 in
180 2883 284 2945 Numa
303 2883 478 2965 Pompilios
510 2883 606 2967 quint
637 2884 670 2946 in
692 2885 803 2949 Servio
825 2882 948 2959 Tullio;
980 2881 1077 2967 quid?
1109 2882 1143 2944 in
1165 2880 1277 2946 ceteris
1301 2883 1449 2965 regibus,

127 2988 264 3060 quorum
286 2977 383 3040 multa
405 2985 478 3040 suut
499 2978 613 3041 eximia
634 2976 673 3042 ad
696 2979 945 3044 constituendam
974 2996 1042 3044 rem
1068 2973 1246 3058 publicam,
1279 2998 1354 3040 num
1385 2977 1451 3039 elo-

126 3067 275 3153 quentiae
295 3071 463 3154 restigium
486 3076 635 3156 appareti
658 3071 764 3148 Quid?
788 3072 907 3137 exactis
930 3067 1071 3152 regibus,
1097 3071 1234 3147 (tametsi
1256 3071 1356 3156 ipsam
1376 3088 1451 3134 exa·

128 3162 264 3228 ctionem
295 3172 416 3239 mente,
454 3185 519 3228 non
551 3166 658 3248 lingna
673 3163 858 3252 'perfectam
885 3167 922 3228 L.
944 3161 1035 3228 Bruti
1064 3181 1134 3228 esse
1163 3163 1356 3249 ceruimus,)
1394 3165 1487 3234 sedes

127 3253 276 3342 deinceps
304 3260 410 3323 omnia
437 3278 544 3324 noune
572 3263 668 3342 plena
696 3253 918 3336 consiliorum,
957 3257 1061 3323 inania
1089 3262 1259 3323 verborum
1287 3259 1450 3324 videmus?

127 3353 180 3416 88.
204 3354 273 3437 Ego
293 3373 369 3417 vero
392 3354 419 3416 si
439 3352 535 3418 velim
558 3362 590 3419 et
609 3361 735 3419 nostrae
758 3356 891 3420 civitatis
913 3355 1064 3439 exemplis
1078 3357 1124 3419 uti
1139 3361 1172 3418 et
1186 3356 1335 3430 aliarum,
1359 3354 1451 3436 plura

126 3445 273 3528 proferre
294 3444 412 3532 possim
434 3449 620 3514 detrimenta
640 3447 776 3532 publicis
797 3446 892 3513 rebus
913 3468 1008 3534 quam
1030 3449 1208 3512 adiumenta
1230 3469 1287 3535 per
1306 3450 1452 3514 homines

130 3537 406 3625 eloquentissimos
427 3542 616 3627 importata3
640 3545 714 3619 sed,
737 3550 773 3607 ut
793 3543 915 3628 reliqua
930 3544 1194 3625 praetermittam,
1218 3543 1357 3607 omnium
1373 3542 1452 3607 mibi

127 3633 253 3708 videor,
281 3636 439 3720 exceptis,
472 3637 601 3713 Crasse,
624 3634 716 3702 robis
736 3633 877 3710 duobus,
900 3634 1175 3722 eloquentissimos
1198 3635 1324 3702 audisse
1346 3638 1395 3702 ri.
1419 3643 1487 3704 etas

129 3727 165 3791 C.
183 3728 405 3814 Sempronius,
431 3749 566 3816 quorum
587 3739 696 3815 pater,
727 3733 823 3795 homo
846 3732 984 3816 prudens
1006 3738 1038 3794 et
1059 3732 1179 3814 gravis,
1206 3731 1449 3817 haudquaquam

128 3819 295 3903 eloquens,
332 3828 365 3887 et
393 3836 488 3907 saepe
518 3826 595 3889 alias
623 3833 655 3889 et
681 3827 820 3890 maxime
852 3844 981 3900 censor,
1017 3823 1108 3889 saluti
1135 3826 1183 3889 rei
1208 3824 1355 3908 publicae
1380 3824 1449 3889 init.

128 3915 232 3998 Atque
259 3916 287 3980 is
313 3936 379 3981 nou
409 3926 556 3983 accurata
585 3921 719 4004 quadam
747 3920 898 3983 orationis
927 3917 1019 4000 copia
1046 3921 1103 3984 sed
1129 3926 1208 3983 nutu
1236 3926 1329 4006 atque
1350 3915 1448 3983 verbo

129 4006 295 4075 libertinos
317 4013 350 4077 in
371 4015 507 4077 urbanas
529 4015 629 4079 tribus
651 4013 825 4092 transtulit;
848 4013 932 4100 quod
955 4011 1014 4076 nisi
1028 4011 1172 4090 iecisset,
1196 4010 1448 4099 rempublicam,

130 4121 225 4187 quam
245 4125 328 4170 nunc
348 4106 402 4172 uix
424 4112 583 4184 tenemus,
606 4109 670 4172 iam
693 4107 747 4174 diu
768 4107 885 4174 nullam
906 4106 1108 4171 haberemus.
1153 4109 1194 4171 At
1215 4128 1292 4173 vero
1312 4103 1486 4171 eiusfiliieu

131 4197 241 4265 diserti
271 4208 302 4266 et
331 4198 478 4266 omnibus
508 4198 559 4267 uel
591 4209 722 4266 naturae
748 4201 799 4270 vel
829 4203 990 4266 doctrinae
1019 4199 1183 4287 praesidiis
1212 4202 1252 4266 ad
1282 4201 1450 4265 dicendum

130 4290 248 4378 parati,
271 4311 342 4359 cum
365 4293 521 4360 civitatem
543 4297 594 4360 vel
615 4303 745 4383 patemo
769 4294 898 4361 consilio
919 4295 972 4360 uel
985 4297 1075 4361 avitis
1089 4294 1185 4360 armis
1198 4292 1450 4361 florentissimam

200 4499 227 4551 7.
245 4514 329 4565 posue
346 4515 399 4552 our.
418 4502 453 4552 11.
474 4527 506 4541 -
533 4503 559 4554 8.
579 4510 604 4554 et
619 4508 789 4567 privatorum
807 4508 832 4554 et
847 4503 1023 4567 plurimorum
1041 4504 1098 4556 tta.
1117 4529 1151 4542 -
1183 4503 1224 4555 rt.
1244 4503 1348 4569 generis
1364 4502 1398 4554 li.
1416 4527 1451 4538 -

132 4571 175 4623 ib.
193 4567 234 4634 ut]
253 4572 325 4622 baud
342 4572 382 4631 li,
401 4588 433 4624 ue
450 4574 483 4624 ll·
506 4599 535 4610 -
556 4573 600 4625 to.
619 4578 643 4624 et
661 4576 694 4625 ob
711 4575 790 4624 tuitio
807 4574 841 4624 R.
864 4597 892 4608 -
912 4575 957 4626 17.
975 4573 1178 4626 1881181111.-
1197 4573 1241 4624 18.
1260 4573 1331 4623 omui
1349 4572 1448 4623 omli.

134 4665 164 4679 -
182 4644 227 4692 2⁰.
244 4643 415 4705 praudentium
433 4657 486 4694 om.
505 4643 537 4695 B.
559 4669 589 4682 -
610 4644 654 4693 21.
673 4645 811 4695 delinitum
828 4645 861 4695 11.
883 4668 912 4680 -
936 4652 1047 4696 atvero
1064 4646 1096 4695 li.
1117 4670 1146 4684 -
1174 4644 1219 4694 28.
1238 4645 1268 4692 iu
1284 4645 1452 4694 instituendis

132 4711 164 4763 R.
186 4739 215 4752 -
237 4713 282 4763 23.
302 4721 443 4779 ornateque
461 4714 526 4765 lilia
552 4719 577 4766 et
595 4719 687 4763 moute
706 4714 738 4763 li.
759 4737 789 4751 -
808 4714 852 4766 at.
870 4727 934 4767 cero
953 4729 1005 4767 um.
1024 4715 1058 4766 B.
1078 4740 1111 4752 -
1139 4714 1184 4765 25.
1213 4714 1339 4775 coniugio
1366 4714 1398 4764 li.
1418 4735 1450 4750 -

132 4783 175 4832 18.
196 4783 289 4846 Quid?
308 4786 337 4833 iss
355 4783 440 4836 codd.
467 4785 552 4849 aliq:
585 4783 761 4845 Quidenimi
786 4787 816 4835 iu
841 4784 920 4835 lillll.
941 4810 972 4822 -
1002 4787 1047 4835 2¹1.
1069 4782 1154 4836 Tullio
1172 4784 1216 4834 lia
1248 4783 1454 4836 7111101111.-

132 4853 260 4976 ipnuum
275 4852 297 4903 ii
315 4867 346 4906 rc
363 4854 500 4920 plerique:
529 4866 596 4907 aum
619 4854 690 4921 qood
707 4854 764 4907 nit.
792 4876 823 4895 ·-
850 4854 895 4910 88.
913 4855 988 4909 trado
1004 4855 1062 4912 ult.
1088 4880 1117 4897 -·
1150 4852 1195 4908 38.
1218 4853 1343 4911 liberum
1361 4854 1393 4905 ii.
1420 4876 1452 4894 -

134 4936 152 4974 o
205 4956 214 4976 .
