3216 5400
158 209 195 260 Vt

157 376 246 437 mur,
281 375 430 423 seorsum
463 358 627 445 integram
656 353 833 424 lectionum
866 358 1055 444 congeriem
1089 358 1197 424 tribus
1232 357 1481 443 scriptiunculis

158 468 356 538 academicis
377 473 516 536 inseruit
537 470 713 537 Baiterns:
735 469 863 554 Turici,
886 489 929 537 ex
951 471 1084 539 officina
1106 468 1235 556 Orellii,
1256 470 1424 537 Fuesslini
1446 475 1480 538 et

157 580 259 655 Soco.
279 583 330 650 Μ.
347 584 470 651 0000.
484 582 590 650 XLV.
619 579 668 649 4⁰.

241 694 304 766 Usi
324 718 453 785 snmus,
474 701 512 763 ut
533 716 596 784 par
617 700 707 782 erat,
728 697 945 765 1000000001
968 717 1099 786 quoque
1120 696 1276 765 subsidiis
1282 718 1295 785 ,·
1325 699 1479 765 consulto

157 814 278 880 contra
299 813 515 878 abstinuimus
529 808 668 880 00000.
689 812 1026 901 Vratisloviensibus,
1049 832 1133 899 quos
1150 811 1305 880 Passovii
1327 810 1480 898 discipuli

158 924 202 993 ad
214 925 326 992 Musei
338 927 444 993 critici
456 946 549 992 nsum
562 927 794 1013 contulerunt,
816 929 938 1015 quippe
950 928 1004 1013 qui
1017 927 1093 992 libri
1104 929 1219 993 essent
1230 944 1345 992 omnes
1357 945 1480 993 recen-

157 1040 274 1106 tissimi
293 1043 393 1126 atque
411 1040 588 1107 lectionum
603 1040 849 1129 confusionem,
865 1060 950 1129 quae
960 1042 996 1107 10
1007 1040 1059 1107 bis
1071 1039 1169 1106 'l'uilli
1183 1041 1319 1124 scriptis
1333 1041 1382 1107 sic
1397 1043 1482 1107 satis

157 1154 298 1221 molesia
313 1157 381 1237 est,
403 1155 523 1241 ubique
545 1156 719 1219 auxissent
741 1155 865 1243 magis,
887 1173 983 1241 quam
1004 1155 1061 1220 vel
1081 1156 1184 1221 semel
1206 1156 1480 1241 composuissent.

241 1262 353 1334 Semel
377 1272 484 1333 autern
507 1267 561 1334 lrlc
583 1269 770 1334 notabimus
792 1287 852 1354 per
874 1270 976 1333 totam
1000 1284 1112 1332 curam
1127 1266 1155 1333 11
1170 1267 1361 1356 significare
1376 1269 1480 1335 Lam-

158 1381 289 1460 binnm,
320 1380 351 1446 El
380 1380 589 1464 Ernestinm,
626 1381 719 1447 cuius
748 1383 912 1469 integram
941 1379 1134 1447 exhibemus
1163 1381 1364 1467 lectionem,
1401 1378 1482 1448 Sclr.

158 1488 361 1560 Scbutzium.
403 1494 546 1561 Ceterae
574 1497 673 1560 notae
703 1494 757 1561 lric
787 1513 854 1559 non
876 1494 1065 1579 explicatae
1094 1511 1214 1576 perse
1241 1494 1355 1561 clarae
1385 1499 1482 1579 sunt,

159 1610 198 1673 ιιι
217 1602 323 1675 0000.
343 1608 386 1673 01.
407 1597 602 1693 (aliquot),
627 1606 760 1694 001010,
782 1608 878 1695 Ert,
898 1606 991 1673 Leid.
1014 1625 1054 1674 ac
1076 1606 1208 1672 similes.

243 1720 391 1786 inlibris
407 1719 455 1787 de
472 1717 654 1787 Oratore
669 1721 901 1805 recensendis,
923 1725 959 1785 ut
972 1737 1112 1786 necesse
1125 1723 1216 1805 erat,
1238 1720 1288 1785 usi
1302 1721 1484 1807 praecipue

159 1852 272 1899 00000
292 1835 398 1919 copiis
418 1836 597 1901 accuratae
619 1836 720 1921 atque
741 1837 908 1922 elegantis
923 1832 1084 1900 Ellendtli
1108 1850 1233 1919 operae
1252 1824 1483 1924 (Regimontil

159 1945 377 2027 Prussornm,
411 1947 660 2037 Borntraeger,
689 1947 740 2014 Μ.
755 1944 880 2015 0000.
895 1937 1010 2029 xla),
1032 1949 1086 2034 qui
1109 1948 1212 2013 certis
1233 1948 1400 2033 clarisque
1421 1966 1484 2012 ar-

158 2063 327 2151 gumentis
342 2063 434 2126 nisus
449 2062 570 2125 nullam
588 2063 718 2126 omnino
733 2059 882 2127 Knnissii
897 2052 1074 2146 (Lipsiae,
1093 2059 1282 2143 Flaischer,
1296 2059 1346 2127 Μ.
1359 2056 1484 2128 0000.

158 2164 365 2254 xxxvii.)
387 2175 549 2238 rationem
571 2174 707 2261 habuit3
736 2173 825 2260 quod
854 2175 1038 2259 exemplum
1071 2193 1133 2239 nos
1155 2175 1396 2260 0000000110
1419 2173 1483 2240 boc

160 2304 262 2371 opero
294 2292 329 2351 et
358 2289 392 2351 in
424 2286 531 2352 Bruto
562 2289 678 2352 merito
707 2289 834 2357 1011011,
855 2306 977 2353 sumus.
1027 2286 1083 2353 Ad
1107 2288 1334 2355 contusionem
1356 2286 1482 2354 0000

160 2390 364 2482 (00000110)
387 2399 599 2465 devitandam
622 2398 824 2465 01100οι1οι0
846 2403 1035 2466 notavimus
1057 2401 1095 2467 Τ.

244 2513 415 2579 Librorum
445 2512 487 2579 de
510 2510 655 2580 Oratore
679 2508 823 2580 Codices
851 2533 965 2579 omnes
985 2517 1064 2601 plus
1085 2515 1237 2580 minusve
1258 2515 1376 2580 referti
1405 2516 1485 2579 sunt

160 2628 346 2713 erroribus,
379 2626 464 2691 adeo
493 2632 530 2691 ut
557 2626 599 2691 de
628 2628 668 2692 lis
697 2626 739 2692 ad
766 2629 991 2714 integritatem
1015 2626 1232 2693 restituendis
1253 2627 1362 2695 adhue
1384 2631 1486 2715 piane

161 2738 403 2827 desperandum
425 2743 478 2806 sit.
531 2741 764 2807 Verumtamen
787 2743 941 2807 meliores
963 2759 1006 2806 ex
1027 2741 1335 2831 Lagomarsinianis
1355 2740 1399 2807 ab
1420 2741 1484 2807 Ell-

159 2853 286 2919 lendtiu
316 2855 480 2920 consultis
509 2854 666 2919 videntur
688 2852 724 2919 2.
745 2854 781 2920 4.
803 2850 838 2919 6.
862 2852 924 2920 13.
947 2852 1010 2919 32.
1032 2848 1099 2920 36.
1118 2857 1219 2941 atque
1241 2855 1398 2936 imprimis
1420 2852 1483 2921 Gu.

160 2964 219 3051 ἃς
239 2969 307 3032 100
329 2969 507 3051 praecipue
531 2966 595 3031 duo
618 2985 638 3032 0
661 2969 756 3031 00010
778 2970 916 3052 primurn
939 2985 1011 3033 cum
1030 2968 1116 3032 omni
1132 2966 1293 3033 orationis
1306 2969 1484 3051 varietate,

161 3084 326 3165 quatenus
347 3078 476 3164 quidem
500 3081 596 3144 nobis
617 3081 782 3161 innotuit,
806 3079 860 3147 bic
882 3083 1055 3165 excerpti:
1155 3076 1161 3088 '

247 3192 281 3256 A
302 3210 344 3245 =
366 3192 588 3257 Abrincensis
608 3187 724 3259 Secnli
743 3190 787 3259 X.
808 3198 867 3258 ant
881 3191 943 3260 Xl.
959 3195 1124 3278 ineuntis,
1145 3202 1298 3287 mancus,
1320 3192 1484 3279 incipiens

160 3305 273 3372 alib.
296 3301 340 3389 2,
362 3297 397 3385 S.
421 3302 501 3386 19,
523 3307 617 3371 cuius
638 3306 847 3372 collationem
871 3306 1049 3395 diligenter
1072 3307 1194 3373 iactam
1215 3326 1237 3371 ιι
1259 3303 1480 3374 100100110-

160 3418 273 3485 riclrer
289 3409 450 3499 (rectem
464 3420 506 3484 dc
521 3420 668 3484 secoredc
683 3439 730 3487 ou
746 3420 872 3507 colidpc
883 3418 1113 3511 d’slorouclrc,
1132 3412 1326 3502 Abrincas)
1339 3425 1485 3509 rogante

159 3531 298 3598 Baitero
321 3552 342 3595 u
363 3532 403 3598 V.
425 3532 690 3616 c.1tovnsson,
724 3534 778 3621 qui
802 3539 937 3617 praeest
959 3533 1171 3601 bibliothecis
1193 3532 1347 3618 Gallicis,
1376 3534 1484 3619 impe-

160 3648 265 3711 travit
291 3664 332 3712 ac
367 3647 535 3711 nobiscum
565 3646 710 3735 benigne
744 3648 997 3712 communicavit
1030 3648 1069 3714 V.
1090 3647 1128 3714 0.
1154 3647 1280 3732 Adert,
1312 3648 1486 3732 professor

161 3756 381 3826 Gonevensis.
425 3759 688 3826 decoratissimo
702 3758 839 3825 videtur
853 3760 1007 3843 collatio,
1029 3778 1102 3826 cum
1125 3759 1273 3826 ordinem
1289 3761 1387 3827 etlam
1402 3762 1488 3826 ver-'

159 3873 274 3941 borum
297 3875 469 3958 respiciat.

243 3985 273 4051 B
295 4004 337 4038 =
359 3985 439 4052 000.
461 3985 681 4074 Erinngensis
702 3985 807 4073 alter,
826 3986 1054 4070 subscriptus:
1088 3983 1488 4073 0100000101ιιιιιο00

160 4100 343 4167 doliotoris
364 4098 505 4187 1400,
530 4098 777 4163 recentissimus
792 4100 911 4188 igitur,
933 4098 994 4163 sed
1012 4101 1161 4186 integer,
1176 4116 1248 4162 curn
1263 4097 1485 4189 Erlangcnsis

160 4215 302 4299 primus,
322 4209 454 4290 Saeuit,
477 4217 513 4273 nt
534 4213 646 4293 ninrrt,
669 4209 711 4275 X.
733 4215 777 4275 sit
801 4231 943 4277 mancus.
967 4204 1030 4293 [V.
1043 4189 1190 4276 lirnestil
1208 4203 1483 4296 praelationem.)

160 4324 282 4391 Mirum
299 4331 408 4390 00ιο0
425 4327 457 4388 10
474 4323 601 4387 modum
619 4328 709 4388 tolus
723 4323 776 4388 tric
792 4326 876 4389 liber
890 4327 1060 4410 conspirat
1076 4343 1148 4390 curn
1164 4321 1433 4413 Guelferbytuno
1450 4326 1485 4387 3.

161 4443 195 4503 et
220 4439 417 4506 Abrincensi
440 4440 474 4501 in
496 4439 556 4519 iis,
578 4455 662 4520 quite
685 4436 718 4501 lri
741 4437 915 4519 exlribent,
939 4440 1083 4521 itemque
1105 4455 1177 4504 cum
1202 4439 1392 4505 melioribus
1413 4437 1484 4503 10-

160 4553 433 4639 gomorsiuianis,
455 4552 503 4615 110
525 4555 561 4615 01
584 4568 702 4636 magna
725 4553 769 4613 sit
791 4552 862 4615 eius
883 4553 1077 4618 0001οι11οι.
1119 4551 1242 4616 Verum
1265 4568 1347 4616 sane
1361 4549 1483 4614 dolen-

161 4662 237 4727 dum
259 4666 327 4745 est,
360 4663 446 4744 qrrod
470 4665 646 4729 verborum
676 4662 823 4729 ordinem
845 4665 1037 4748 nonsatis,
1071 4665 1118 4729 uti
1141 4665 1303 4747 debebat,
1336 4662 1483 4727 attendit

162 4777 302 4843 collator
325 4775 544 4863 ldrlangensis
566 4777 662 4841 nobis
684 4779 838 4862 ignotus,
872 4779 926 4863 qui
957 4779 1032 4842 olim
1062 4798 1135 4844 eum
1159 4776 1307 4844 excussit
1328 4777 1362 4840 ln
1386 4796 1480 4842 usum

161 4890 354 4957 amicissimi
374 4891 482 4955 nostrl
504 4890 641 4957 llenrici
661 4890 817 4981 Meyeri,
841 4893 896 4979 qui
915 4891 1063 4960 libellum
1083 4892 1181 4961 nobis
1202 4886 1435 4960 commodavit.
