3232 5392
617 224 694 295 ΠΒ.
718 226 744 291 1.
790 224 825 291 C.
849 227 881 292 9.
907 227 958 292 10.
1433 232 1455 301 7

128 388 284 462 randum,
308 405 350 452 ne
372 381 448 472 quid
468 386 669 473 perturbate,
692 406 732 451 ne
754 386 829 472 quid
851 393 1013 463 contorte,
1048 408 1088 451 ne
1110 386 1186 470 quid
1208 389 1378 473 ambigue,
1413 412 1453 457 ne

127 483 203 568 quid
227 499 309 545 nove
332 479 494 556 dicamus,
529 502 570 545 ne
593 502 688 565 quam
709 483 741 544 in
762 483 856 545 aliam
877 503 945 546 rem
969 490 1187 557 transeamus,
1216 503 1257 546 ne
1280 485 1319 546 ab
1341 485 1454 551 ultimo

126 591 329 667 repetamus,
364 596 404 641 ne
427 577 521 685 longe
542 597 792 662 persequemur,
825 598 866 640 ne
890 574 986 663 quid,
1023 578 1109 662 quod
1130 573 1170 640 ad
1192 598 1261 641 rem
1283 581 1454 660 pertineat,

126 686 388 764 praetereamus,
424 679 456 734 et
474 671 500 733 ri
524 691 692 755 sequamur
715 692 773 746 ea,
809 691 889 756 quae
919 674 958 735 de
988 672 1143 735 brevitate
1165 680 1335 755 praecepta
1365 682 1454 753 sunt;

127 795 200 837 nam
223 793 287 859 quo
319 767 465 841 brevior,
502 784 542 830 eo
563 763 732 829 dilucidior
758 772 791 829 et
819 767 946 848 cognitu
975 763 1099 830 facilior
1131 768 1268 832 narratio
1290 766 1355 833 fiet.
1402 772 1478 834 16.ι

126 869 201 932 Veri
223 866 335 931 similis
357 862 495 926 narratio
517 861 598 936 erit,
635 861 684 935 si,
718 867 862 935 ulmos,
896 867 932 923 ut
952 861 1081 942 opinio,
1116 867 1152 923 ut
1171 869 1282 926 natura
1304 865 1454 944 postulat,

127 965 269 1027 dicemus
282 983 291 1037 ;
316 959 343 1023 si
359 957 458 1042 spatia
473 961 673 1038 temporum,
697 974 904 1040 personarum
919 957 1107 1039 dignitates,
1132 957 1336 1021 consiliorum
1359 960 1456 1025 ratio-

127 1079 200 1131 nes,
225 1058 369 1121 locorum
391 1051 640 1135 opportunitates
662 1052 871 1125 constabunt3
907 1071 948 1113 ne
974 1050 1076 1114 refelli
1102 1051 1203 1132 possit
1224 1058 1278 1116 aut
1301 1054 1455 1135 temporis

127 1174 238 1236 parum
260 1151 358 1214 fuisse
380 1151 435 1210 aut
463 1164 589 1207 causam
622 1145 740 1207 nullam
774 1151 841 1207 aut.
858 1145 964 1208 locum
995 1145 1144 1209 idoneum
1178 1164 1242 1210 non
1273 1146 1370 1212 fuisse
1402 1154 1456 1212 aut

127 1246 274 1312 homines
306 1244 393 1327 ipsos
424 1238 531 1302 facere
559 1243 614 1301 aut
643 1239 708 1324 pati
729 1257 793 1301 non
815 1239 967 1324 potuisse.
1023 1239 1057 1301 Si
1078 1260 1155 1304 vera
1175 1260 1228 1304 res
1249 1242 1328 1316 erit,
1352 1243 1492 1308 nihilcro

127 1343 231 1405 minus
252 1340 332 1402 haec
355 1335 462 1399 omnia
482 1335 640 1397 narrando
663 1335 878 1397 conservanda
900 1340 992 1410 sunt3
1015 1354 1089 1396 nam
1112 1354 1207 1419 saepe
1229 1337 1362 1413 veritas,
1393 1337 1454 1400 nisi

128 1439 207 1500 baec
230 1438 352 1497 servata
374 1429 456 1502 sint,
491 1424 586 1491 fidem
619 1446 684 1492 non
712 1435 816 1511 potest
842 1428 968 1491 iacere:
1007 1427 1055 1490 siu
1079 1429 1139 1491 erit
1160 1425 1254 1506 licta,
1293 1448 1332 1493 eo
1355 1431 1454 1513 magis

128 1534 221 1594 erunt
253 1520 478 1590 conservanda.
523 1527 570 1588 De
593 1525 632 1586 iis
660 1526 754 1587 rebus
784 1529 874 1586 caute
906 1522 1148 1605 contingendum
1179 1532 1244 1599 est,
1277 1526 1391 1608 quibus
1421 1527 1455 1591 in

127 1625 223 1689 rebus
245 1621 370 1684 tabulae
392 1626 445 1682 aut
467 1618 604 1683 alicuius
626 1615 716 1681 firma
738 1618 907 1680 auctoritas
930 1614 1088 1680 videbitur
1109 1619 1299 1683 interfuisse.
1344 1621 1454 1685 Adhuc

127 1738 209 1804 quac
239 1716 321 1780 dicta
352 1720 425 1776 sunt
459 1715 597 1778 arbitror
626 1713 705 1777 mihi
738 1719 882 1777 constare
907 1732 977 1775 cum
1000 1713 1113 1777 ceteris
1135 1714 1210 1776 artis
1233 1714 1451 1798 scriptoribus,
1462 1732 1490 1775 rs

127 1814 188 1878 nisi
210 1831 290 1896 quae
313 1810 352 1872 de
375 1808 638 1885 insinuationibus
667 1826 749 1871 nova
778 1807 1048 1890 excogitavimus,
1083 1808 1169 1891 qued
1199 1828 1251 1872 eas
1279 1809 1338 1872 soli
1371 1806 1451 1895 [nos]

127 1915 253 1994 praeter
283 1911 405 1967 ceteros
437 1904 471 1965 in
502 1904 562 1967 tria
590 1911 732 1986 tempora
759 1901 946 1976 divisimus,
982 1908 1018 1963 ut
1046 1901 1138 1986 plane
1167 1910 1284 1966 certam
1316 1903 1398 1966 uam
1422 1911 1454 1967 et

127 2001 326 2087 perspicuam
349 1997 503 2062 rationem
526 1997 728 2061 exordiorum
751 1996 951 2060 haberemus.
997 1997 1038 2059 X.
1063 1998 1171 2072 Nunc,
1195 1995 1280 2083 quod
1295 1999 1452 2083 reliquum

128 2103 196 2170 est,
232 2091 382 2177 quoniam
405 2089 444 2157 de
468 2113 573 2157 rerum
595 2091 777 2155 inventione
801 2088 1021 2172 disputandum
1045 2098 1109 2166 est,
1147 2092 1180 2155 in
1203 2114 1267 2176 qua
1294 2094 1453 2204 singulare

128 2190 323 2253 consumitur
355 2188 489 2254 oratoris
520 2183 681 2260 officium,
716 2186 860 2249 dabimus
894 2205 1043 2293 operam,
1076 2191 1112 2249 ut
1142 2187 1242 2252 nihilo
1272 2190 1375 2251 minus
1404 2190 1452 2252 in·
1438 2201 1490 2242 -20

128 2283 264 2357 dustrie,
288 2306 381 2370 quam
404 2283 450 2345 rei
471 2281 588 2345 utilitas
611 2280 800 2364 postulabit,
825 2280 985 2365 quaesisse
1001 2281 1236 2401 videamur,
1210 2303 1237 2346 si
1253 2284 1340 2368 prius
1353 2302 1454 2368 pauca

128 2381 168 2443 de
192 2380 345 2444 divisione
367 2395 531 2441 causarum
555 2374 738 2437 dixerimus.

214 2476 263 2536 17.
290 2474 460 2538 Causarum
484 2467 628 2534 divisio
620 2490 652 2530 ιιι
675 2469 751 2531 duas
772 2474 877 2550 partes
900 2468 1067 2530 distributa
1089 2475 1147 2532 est.
1198 2469 1337 2536 Primum
1359 2494 1453 2560 pero·

128 2575 194 2632 rata
213 2569 393 2632 narratione
417 2563 568 2630 debemus
592 2563 732 2648 aperire,
756 2560 833 2648 quid
855 2563 947 2626 nobis
969 2564 1137 2626 conveniat
1158 2584 1229 2628 cum
1251 2568 1450 2647 adversariis,

128 2661 206 2725 etsi
230 2682 283 2735 ea,
321 2681 402 2747 quae
431 2660 520 2723 utilia
547 2659 641 2722 nobis
671 2664 780 2731 erunt,
819 2658 1026 2732 convenient,
1064 2658 1138 2743 quid
1171 2660 1204 2722 in
1237 2666 1490 2730 controversiae

128 2757 340 2840 relinquatur,
362 2757 424 2820 hoc
446 2755 562 2817 modo:
599 2751 798 2815 Interfectam
821 2771 890 2814 esse
924 2752 964 2814 ab
995 2752 1106 2816 Oreste
1138 2761 1270 2819 matrem
1305 2762 1454 2823 convenit

126 2850 205 2913 mihi
235 2871 307 2912 cum
340 2848 551 2914 adversariis:
590 2847 699 2909 iurene
731 2845 843 2908 fecerit
872 2852 904 2907 et
931 2846 1095 2911 licueritne
1117 2845 1241 2924 iacere,
1277 2851 1310 2913 id
1343 2861 1392 2916 est
1418 2854 1452 2918 in

127 2944 353 3008 controversia.
409 2945 488 3005 Item
517 2962 535 3004 e
563 2941 739 3015 contrario,
773 2941 1041 3023 Agamemnonem
1072 2963 1142 3006 esse
1164 2964 1183 3007 a
1206 2944 1452 3027 Clytaemnestra

127 3040 267 3103 occisum
289 3038 495 3111 confitentum
530 3055 601 3098 cum
623 3036 655 3096 id
677 3035 721 3096 ita
743 3035 800 3108 sit,
825 3055 876 3097 me
899 3034 1008 3097 ulcisci
1030 3045 1193 3116 parentem
1216 3047 1332 3121 negant
1357 3061 1452 3127 opor·

127 3134 235 3196 tuisse.
280 3134 401 3196 Deinde
430 3150 502 3195 cum
534 3131 596 3194 hoc
629 3129 814 3203 fecerimus,
853 3128 1074 3193 distributione
1107 3132 1152 3193 uti
1187 3132 1351 3198 debemus.
1405 3139 1452 3201 Ea
1461 3150 1491 3192 ³⁰

127 3226 276 3292 dividitur
297 3229 330 3290 in
353 3229 430 3290 duas
462 3233 590 3310 partes,
626 3224 896 3287 enumerationem
924 3230 957 3287 et
983 3225 1224 3309 expositionem.
1280 3231 1452 3296 Enumera-

126 3322 214 3385 tione
243 3329 389 3394 utemur,
424 3340 495 3382 cunr
525 3321 664 3382 dicemus
692 3337 845 3392 numero,
881 3324 959 3403 quot
987 3321 1027 3382 de
1057 3322 1153 3384 rebus
1184 3322 1297 3385 dicturi
1330 3344 1449 3389 sumus.

126 3418 204 3478 Eam
236 3416 306 3499 plus
336 3434 430 3498 quam
460 3415 554 3477 trium
584 3414 719 3498 partium
749 3433 882 3477 numero
914 3433 982 3476 esse
1012 3432 1077 3477 non
1109 3421 1245 3499 oportet.
1308 3419 1388 3481 Nam
1420 3427 1452 3483 et

196 3624 222 3673 Τ.
241 3638 275 3672 ue
295 3625 358 3688 quid
373 3621 450 3687 nove]
469 3631 590 3685 suspecte
610 3625 674 3675 heec
693 3623 879 3686 Oudendorpto
898 3630 978 3685 etque
997 3624 1119 3674 Ernertlo
1135 3637 1188 3674 orn.
1206 3624 1281 3675 ATT.
1307 3651 1341 3661 -
1365 3627 1392 3676 4.
1413 3639 1452 3679 ee·

129 3708 237 3758 quanter
254 3694 338 3753 PAll,
361 3708 546 3761 persequemur
564 3696 604 3754 B,
630 3697 745 3760 sequitur
763 3695 797 3753 T,
816 3708 955 3759 sequamur
973 3694 1029 3743 ΡΤ.
1052 3719 1081 3731 -
1111 3696 1137 3745 5.
1158 3695 1263 3747 breuior
1287 3704 1324 3747 eet
1343 3698 1397 3748 ru.
1419 3724 1448 3735 -

130 3778 158 3814 eo
188 3778 241 3815 orn.
268 3765 318 3814 PT.
353 3791 387 3800 -
426 3766 452 3816 8.
484 3767 578 3830 reseret
609 3766 641 3815 de
672 3769 823 3816 contectura
854 3765 973 3816 Memmi!
1005 3772 1032 3814 et
1061 3766 1152 3815 Auretl
1183 3765 1214 3816 Ι..
1245 3765 1307 3816 Sch.
1338 3794 1366 3806 -
1405 3770 1448 3818 ta.

128 3850 182 3885 uon
197 3841 284 3898 potest
301 3837 387 3900 secere
405 3837 530 3887 PABTT:
559 3834 644 3898 socen
662 3836 894 3896 currucae.
917 3860 946 3874 -
965 3834 1027 3902 erit]
1047 3850 1099 3886 orn.
1127 3837 1177 3887 uu.
1201 3837 1276 3897 prob.
1297 3837 1388 3896 οιιι1.;
1408 3853 1450 3890 er-

130 3910 219 3966 punrrr
240 3905 322 3964 seb..
343 3914 420 3957 erunt
437 3907 535 3958 PABF.
555 3904 609 3967 (eiu
625 3919 685 3956 vero
704 3908 754 3955 erit
771 3907 833 3971 fietu
850 3904 895 3966 T.)
915 3931 946 3942 -
974 3906 1017 3956 13.
1037 3908 1077 3956 Ate
1094 3906 1221 3967 PABTT,
1242 3908 1272 3958 L.
1294 3933 1325 3945 -
1354 3911 1451 3975 conpu-

129 3977 242 4038 gendum
262 3975 345 4025 nur:
366 3978 560 4045 confligendum
578 3977 658 4035 Pru,
684 3977 892 4043 condirgendum
911 3978 943 4026 A.
981 3977 1011 4027 ln
1031 3978 1053 4027 ll
1072 3977 1131 4028 lect.
1151 3979 1383 4045 eoufiupeudume
1408 3993 1448 4042 pr.

128 4059 209 4096 rnenu
239 4046 403 4108 adscriptum
429 4057 468 4098 ert
493 4048 533 4097 cel
559 4045 784 4112 confringendum.
806 4073 835 4084 -
869 4046 912 4098 13.
937 4048 1043 4098 tabulae
1060 4048 1094 4098 ab
1112 4048 1266 4100 uduereureo
1286 4058 1333 4100 cut
1356 4050 1388 4098 T.
1417 4075 1447 4086 -

128 4114 171 4166 16.
192 4131 261 4181 quae
277 4118 393 4169 Dutch:
413 4122 478 4183 que'e
495 4117 663 4168 PABTRTE.
678 4142 708 4154 -·
727 4132 776 4167 noe
794 4131 846 4168 orn.
866 4119 996 4178 PATllT3
1015 4121 1139 4181 quocirca
1157 4122 1322 4172 seclusimus.
1340 4145 1374 4155 -
1404 4119 1448 4172 2⁰.

129 4189 272 4252 artificium
292 4187 389 4240 PATT.
405 4214 436 4224 -
453 4190 498 4239 ⁴2¹.
518 4189 668 4239 industriae
683 4188 758 4238 ΡΤΤ.
780 4188 874 4241 Greev.
891 4216 920 4226 -
940 4191 984 4240 2⁸2.
1005 4191 1132 4241 diuisione
1144 4205 1285 4242 caurorum
1296 4189 1447 4240 exurar:

128 4270 269 4306 caurorum
287 4259 414 4310 dtotetoue
433 4261 464 4310 Ε.
484 4285 519 4294 -
536 4258 581 4308 23.
606 4259 724 4308 Primum
742 4258 871 4309 PBTRT:
891 4259 1009 4311 Primum
1027 4262 1097 4310 enim
1115 4261 1170 4312 All.
1191 4287 1222 4298 -
1240 4266 1367 4324 perorato
1385 4273 1450 4311 ucr-

128 4328 243 4388 rute'one]
260 4342 309 4391 per
327 4333 511 4381 uenationem
527 4330 567 4388 P,
584 4341 633 4391 pet
650 4330 808 4380 uenatione
826 4345 867 4393 pr.
886 4329 928 4391 A,
945 4339 1007 4395 poet
1025 4333 1211 4383 remotionem
1228 4333 1293 4390 Tlt,
1310 4337 1370 4394 poet
1383 4328 1447 4390 (orn.

129 4392 328 4456 uurrme'onem)
347 4401 379 4452 T.
401 4399 445 4464 (Ut
463 4414 529 4459 nos,
549 4413 616 4449 corr.
636 4401 657 4449 A
678 4406 705 4450 et
722 4413 773 4464 mg.
794 4399 838 4465 T.)
866 4425 898 4438 ·-
928 4402 972 4451 93.
992 4403 1170 4463 cdoueerte'e,
1191 4405 1254 4467 quid
1272 4401 1351 4465 (quod
1369 4398 1403 4467 u)
1420 4404 1451 4453 tn

129 4470 314 4519 controuersiis
331 4474 383 4528 ιιι.
413 4474 435 4521 et
452 4480 484 4522 ec
502 4474 813 4534 quaen-convenient.
832 4473 880 4522 boc
897 4474 975 4523 modo
993 4473 1039 4522 ΒΤ
1058 4480 1083 4523 et
1102 4470 1207 4536 (orntseo
1225 4470 1271 4535 eit)
1288 4472 1318 4521 Ρ.
1341 4497 1371 4509 -
1402 4473 1446 4524 96.

128 4538 208 4588 ute'lr'e
225 4537 300 4587 noble
319 4549 394 4593 erunt
412 4542 544 4592 PAFRTt
573 4539 648 4591 noble
665 4541 746 4590 utilia
765 4549 842 4592 erunt
860 4543 900 4601 T,
927 4544 1006 4593 ulllr'c
1023 4547 1085 4592 eunt
1106 4543 1181 4592 nobie
1208 4543 1239 4592 6.
1269 4568 1297 4579 -
1331 4544 1393 4605 quid
1420 4545 1449 4594 ln

128 4611 314 4659 ccutroverete'e
330 4613 497 4675 relinquatur
513 4613 553 4668 A,
584 4613 648 4674 quta
670 4613 700 4660 e'u
717 4616 852 4663 traoeree‘e'e
869 4613 1036 4678 relinquatur
1054 4614 1091 4670 Ρ,
1122 4613 1185 4675 quid
1208 4615 1236 4663 e‘u
1262 4616 1449 4664 coutroversiae

127 4679 250 4729 relietum
269 4681 403 4732 ellit.-
424 4685 468 4733 26.
488 4683 521 4733 ab
541 4682 629 4731 Oroete
646 4687 759 4731 matrem
775 4684 929 4742 PABTRT,
947 4685 987 4733 L:
1007 4690 1117 4732 matrem
1135 4685 1168 4733 ab
1188 4683 1378 4735 erutue-
1402 4685 1446 4735 27.

128 4751 186 4798 e'ure
205 4748 352 4798 ΡΒΤΤ.-
373 4751 417 4803 33.
437 4767 524 4803 eumue
542 4751 670 4801 PBFRT.
697 4755 777 4802 strnue
796 4754 816 4803 11
836 4756 926 4813 conl,
956 4767 1008 4805 om.
1027 4754 1113 4802 A.
1143 4753 1187 4804 33.
1206 4767 1315 4806 numero
1332 4769 1387 4806 uon
1405 4769 1446 4817 pr.

128 4818 193 4877 TA,
219 4833 329 4872 numero
352 4826 394 4874 uti
414 4838 469 4874 ocu
493 4823 557 4874 Fet
584 4835 652 4873 corr.
680 4823 739 4874 ced.
760 4838 797 4875 m.
815 4825 855 4887 Ρ,
884 4837 992 4876 uumerc
1011 4824 1139 4875 continere·
1155 4838 1210 4877 uon
1236 4826 1364 4888 corr-,A
1394 4840 1448 4880 eree

128 4903 240 4942 numero
257 4893 362 4944 ocull.
