3216 5400
163 256 226 324 226
689 254 742 320 DE
772 253 958 320 ORATORE

163 420 379 484 commoventi
412 418 466 479 aui
486 413 699 501 importunum
721 421 842 500 tempus
863 413 895 479 in
918 420 1002 479 tanto
1025 413 1108 488 otio,
1132 412 1218 497 quod
1239 418 1270 475 et
1291 430 1365 476 raro
1387 410 1481 477 datur

164 522 292 578 etnnnc
304 515 472 594 peroptato
486 509 577 574 nobis
592 510 698 573 datum
720 511 787 572 esti
823 517 878 573 ant
898 507 1039 574 homines
1061 509 1100 572 ab
1122 508 1183 571 hoc
1204 525 1320 590 genere
1342 503 1483 590 dispute-

162 605 256 672 tionis
277 604 390 680 alieni,
414 604 468 689 qni
490 623 601 667 omnes
621 601 644 666 ii
666 621 792 677 snmus,
815 609 850 666 ut
873 601 940 668 sinc
961 601 1011 666 his
1033 598 1142 667 studiis
1163 601 1260 665 vitam
1281 597 1396 664 nullam
1412 619 1482 664 esse

163 702 336 767 ducamnsi
371 700 424 762 21.
448 695 562 762 Omnia
582 697 660 772 ista,
689 695 792 782 inquit
814 699 958 773 Crassus,
988 716 1047 782 ego
1069 694 1132 760 alio
1154 692 1249 760 modo
1272 693 1481 781 interpretor,

140 793 217 879 squi
238 791 376 877 primurn
397 793 585 875 palaestram
608 799 640 856 et
666 788 758 856 sedes
779 797 811 855 ei
830 793 969 874 porticus
991 788 1085 855 etiam
1102 788 1207 873 ipsos,
1233 790 1360 866 Catule,
1386 790 1485 854 Grae·

163 907 217 954 cos
250 886 483 953 exercitationis
516 893 548 952 et
577 883 789 951 delectationis
822 905 934 962 causa,
973 906 1035 950 non
1070 882 1291 968 disputationis
1324 882 1483 950 invenisse

161 980 308 1048 arbitror.
353 985 432 1047 Nam
453 989 485 1047 et
505 979 619 1047 seculis
640 980 745 1045 multis
766 987 837 1044 ante
859 979 1020 1068 gymnasia
1040 977 1167 1044 inventa
1197 987 1287 1055 sunt,
1325 998 1419 1065 quam
1448 976 1484 1043 in

162 1076 201 1142 iis
241 1074 420 1163 philosophi
451 1073 570 1160 garrire
603 1081 794 1157 coeperunt,
831 1081 863 1140 et
890 1077 951 1139 hoc
979 1071 1047 1158 ipso
1076 1080 1235 1157 tempore,
1272 1092 1344 1138 cnm
1376 1069 1483 1137 omnis

163 1170 321 1258 gymnasia
342 1168 521 1258 philosophi
542 1177 679 1243 teneant,
703 1175 808 1234 tamen
828 1188 940 1235 eornm
954 1169 1113 1233 auditores
1128 1166 1248 1233 discum
1263 1166 1372 1234 audire
1387 1187 1483 1252 quam

125 1292 155 1332 so
166 1266 390 1352 philosophum
412 1263 548 1343 maluni;
572 1263 626 1349 qui
648 1261 741 1330 simul
761 1270 797 1331 ut
817 1261 988 1349 increpuit,
1011 1263 1044 1327 in
1064 1261 1169 1329 media
1190 1263 1333 1328 oratione
1355 1261 1394 1327 de
1416 1281 1483 1326 ma-

166 1363 260 1427 ximis
290 1363 387 1427 rebus
414 1367 445 1425 et
475 1356 667 1442 gravissimis
696 1358 904 1442 disputantem
936 1354 1155 1443 philosophum
1186 1377 1296 1423 omnes
1324 1357 1482 1423 unctionis

160 1476 253 1522 cansa
286 1453 478 1539 relinquunt.
529 1455 575 1517 lta
606 1450 796 1521 levissimam
827 1449 1065 1522 delectationem
1096 1449 1316 1535 gravissimae,
1352 1457 1387 1517 nt
1418 1447 1482 1533 ipsi

159 1547 281 1626 ierunt,
304 1545 430 1616 utilitati
444 1553 650 1631 anteponunt.
694 1549 747 1610 22.
772 1545 878 1611 Otium
893 1551 997 1615 autern
1012 1547 1096 1630 quod
1110 1543 1188 1609 dicis
1204 1565 1285 1621 esse,
1307 1546 1480 1622 assentiam

159 1664 269 1711 verum
298 1641 354 1709 otii
375 1639 495 1707 fructus
519 1648 651 1706 estnon
671 1639 831 1710 mutentio
852 1638 963 1716 animi,
1000 1637 1056 1707 sed
1082 1638 1248 1706 relaxatio.
1292 1642 1346 1708 vl.
1380 1640 1482 1725 Saepe

121 1758 201 1805 rsex
221 1757 332 1805 socero
353 1755 425 1801 meo
447 1733 572 1812 andivi,
609 1753 681 1800 cnm
707 1731 736 1803 is
760 1731 880 1805 diceret
908 1753 1052 1800 socerum
1077 1754 1169 1800 snum
1190 1735 1332 1802 Laelium
1353 1753 1480 1820 semper

158 1836 226 1900 tere
255 1852 327 1898 cnm
357 1827 501 1916 Scipione
534 1827 660 1897 solitum
685 1827 829 1914 rusticari
856 1847 973 1914 eosque
1001 1825 1231 1895 incredibiliter
1253 1847 1481 1912 repuerascere

159 1948 229 1994 esse
262 1925 390 2001 solitos,
427 1943 498 1989 cnm
528 1943 581 1988 rus
611 1942 650 1987 ex
678 1917 758 1988 urbe
784 1929 942 2008 tamqnam
970 1944 987 1989 e
1015 1921 1123 1989 vinclis
1144 1921 1365 1992 evolavissent.
1409 1925 1481 1989 Non

158 2019 260 2087 audeo
282 2021 388 2086 dicere
410 2017 449 2083 de
471 2015 584 2084 talibus
605 2015 698 2093 viris,
719 2014 776 2084 scd
796 2025 901 2082 tamen
915 2015 960 2081 ita
973 2015 1054 2081 solet
1068 2037 1195 2084 narrare
1210 2011 1380 2094 Scaevola,
1402 2035 1479 2083 con-

159 2116 233 2180 chas
255 2133 310 2179 eos
331 2120 364 2178 et
384 2110 550 2180 umbilicos
573 2110 613 2180 ad
635 2112 773 2181 Caietam
795 2118 827 2181 et
847 2113 887 2176 ad
908 2113 1099 2177 Laurentum
1126 2113 1234 2198 legere
1259 2130 1427 2178 consuesse
1449 2116 1482 2176 ei

120 2208 199 2276 stad
220 2229 347 2275 omnem
368 2206 466 2275 animi
488 2206 706 2274 remissionem
727 2203 898 2291 ludumque
925 2209 1127 2272 descendere.
1172 2210 1225 2273 23.
1250 2206 1301 2273 Sic
1322 2205 1406 2271 enim
1428 2226 1481 2272 res

159 2323 229 2369 sese
257 2302 370 2379 habet,
404 2311 458 2379 ut,
494 2299 758 2388 quemadmodum
787 2301 934 2366 volucres
959 2299 1101 2367 videmus
1128 2300 1355 2388 procreationis
1385 2308 1480 2387 atque

159 2396 300 2463 utilitatis
320 2418 397 2462 suae
419 2417 513 2462 causa
533 2398 684 2481 effingere
706 2402 738 2459 et
758 2393 949 2461 constituere
970 2396 1078 2470 nidos,
1102 2399 1228 2460 easdem
1249 2402 1372 2470 sutem,
1407 2414 1481 2460 cnm

158 2490 276 2575 aliquid
307 2490 487 2567 effecerint,
523 2488 649 2556 levandi
678 2486 796 2555 laboris
826 2489 874 2554 sui
905 2510 997 2555 causa
1026 2491 1141 2574 passim
1170 2511 1207 2554 ac
1233 2486 1334 2554 libere
1362 2488 1480 2555 solutas

159 2604 257 2670 opere
278 2584 430 2662 volitare,
461 2584 506 2650 sio
529 2583 629 2650 nostri
650 2584 746 2649 animi
767 2583 901 2667 negotiis
921 2584 1100 2649 forensibus
1122 2593 1215 2670 atque
1237 2581 1357 2651 urbano
1380 2603 1480 2670 opere

120 2703 148 2747 ss
158 2677 273 2745 defessi
304 2680 438 2763 gestiant
463 2699 500 2742 ac
526 2680 659 2744 volitare
688 2677 814 2762 cupiant
842 2677 933 2747 vacui
960 2699 1035 2744 cura
1070 2699 1106 2743 ac
1128 2678 1246 2744 labore.
1292 2681 1345 2743 24.
1370 2681 1480 2762 ltaque

157 2771 251 2847 illud,
290 2792 351 2856 ego
380 2771 465 2858 qnod
489 2774 523 2837 in
545 2792 637 2837 cansa
659 2771 792 2838 Curiana
815 2771 981 2838 Scaevolae
1003 2771 1087 2849 dixi,
1124 2792 1189 2838 non
1212 2770 1279 2838 dixi
1300 2792 1409 2848 secus,
1442 2791 1480 2837 ac

157 2869 339 2932 sentiebam.
385 2871 483 2932 “Nam
506 2870 553 2943 si,
576 2865 721 2953 inquam,
746 2867 914 2952 Scaevola,
937 2865 1058 2932 nullum
1079 2865 1379 2936 crit-testamentum
1393 2875 1480 2933 recte

156 2959 291 3038 iactum,
326 2948 491 3046 nisiquod
514 2959 749 3046 inscripseris,
783 2981 892 3026 omnes
920 2965 960 3026 ad
983 2969 1014 3025 te
1036 2960 1118 3028 cives
1141 2982 1213 3028 cum
1236 2959 1349 3028 tabuiis
1371 2960 1480 3028 venie-

158 3077 246 3130 mus,
269 3057 410 3120 omninm
431 3061 615 3119 testamenta
629 3063 663 3120 tu
676 3051 794 3120 scribes
808 3074 901 3120 unus.
946 3054 1029 3132 Quid
1043 3057 1159 3140 igilur?
1180 3056 1327 3143 inquamt
1351 3058 1479 3141 qnando

120 3170 231 3235 soeges
260 3152 420 3234 negotium
449 3146 631 3233 publicum?
667 3151 793 3235 quando
822 3147 1013 3215 amicoruml
1051 3149 1177 3237 qnando
1203 3155 1315 3218 tunmi
1350 3154 1477 3238 quando

159 3241 292 3330 denique
313 3243 391 3309 nihil
412 3247 529 3325 apest„
553 3246 633 3308 Turn
653 3241 731 3307 illud
752 3244 874 3308 addidi:
900 3242 993 3309 “Mihi
1008 3244 1090 3310 enim
1112 3243 1193 3311 liber
1214 3264 1283 3318 esse
1304 3265 1368 3310 non
1389 3244 1478 3312 vide·

157 3346 228 3413 tur,
252 3337 391 3421 quinon
413 3336 580 3422 aliqnando
601 3334 680 3401 nihii
699 3338 795 3421 agit„
839 3341 875 3402 ln
889 3358 952 3423 qua
965 3357 1154 3424 permaneo,
1180 3339 1302 3415 Catule,
1324 3341 1478 3406 sententis

158 3452 287 3518 meque,
311 3452 382 3496 cnm
403 3429 465 3496 hnc
486 3429 571 3506 veni,
595 3432 658 3496 hoc
677 3429 781 3517 ipsum
802 3429 881 3497 nihil
901 3451 995 3515 agere
1018 3441 1048 3498 et
1069 3432 1162 3519 plane
1183 3453 1306 3501 cauare
1328 3432 1473 3500 delectat.

158 3528 211 3590 25.
235 3528 327 3601 Nam,
348 3527 433 3612 quod
447 3523 593 3591 addidisti
608 3525 752 3602 tertium,
775 3545 832 3591 vos
850 3545 906 3590 eos
928 3546 1015 3605 esse,
1038 3529 1092 3616 qui
1113 3530 1209 3596 vitam
1230 3529 1395 3598 insuavem
1408 3528 1477 3597 sine

230 3773 256 3823 1.
276 3779 436 3824 commonent
454 3774 489 3824 tt.
510 3799 539 3811 -
559 3780 608 3825 sut
624 3785 688 3823 aurs
703 3774 885 3837 importunum
901 3771 967 3835 alt,
985 3780 1033 3826 ost
1049 3777 1078 3826 in
1098 3784 1273 3841 opportunum
1290 3777 1375 3830 Ccdd.
1394 3778 1428 3830 sl.
1441 3778 1475 3830 lt.

161 3842 214 3896 Cir·
228 3843 287 3894 hlb.
301 3843 327 3904 ³,
341 3845 367 3904 5,
381 3844 424 3896 lli.
439 3869 471 3881 -
490 3843 516 3894 3.
536 3846 558 3894 ii
569 3845 592 3895 h
603 3845 718 3908 slltqoer
738 3845 764 3894 lsi
776 3844 818 3908 (u)
833 3844 888 3894 llll.
906 3867 933 3878 -
948 3843 975 3896 b.
990 3852 1016 3897 et
1027 3847 1207 3899 delectationis
1219 3862 1271 3900 om.
1284 3850 1346 3914 hag.
1358 3852 1477 3914 quinque

161 3915 298 3974 meliores:
317 3915 423 3966 seeluslt
440 3915 554 3977 Ellendt,
573 3921 598 3966 et
609 3914 885 3966 delectationiseesssc
896 3927 948 3966 ont.
965 3916 1021 3973 ΑΒ.
1037 3940 1064 3952 -
1083 3920 1337 3982 ooudbpetsticris
1355 3933 1415 3973 curn
1429 3921 1475 3986 bs.

160 3985 282 4037 omnibns
295 3999 348 4036 om.
361 3988 440 4037 etlam
450 3985 528 4036 nult.
549 3985 785 4038 Seclnsttlillendt.
804 3986 840 4036 ht
851 3998 910 4037 cum
924 3988 950 4036 ln
961 3986 1116 4041 Abrincensl
1132 3997 1160 4042 et
1172 3991 1324 4056 llrlsnpensl
1335 3991 1404 4044 desit
1413 3994 1476 4044 item

159 4059 336 4107 necessarlum
353 4069 378 4107 ι.
407 4069 503 4117 conso,
532 4069 641 4116 vereor,
669 4069 702 4107 ne
721 4055 902 4108 tantummodo
920 4066 1028 4120 propter
1045 4062 1259 4113 terminationum
1277 4062 1476 4117 stmllltudlnem

161 4140 201 4180 rr.
226 4130 274 4177 lsts
295 4129 391 4178 omissa
416 4128 485 4187 slat,
517 4126 634 4180 eCodd.
660 4128 752 4190 utique
777 4126 913 4190 peioribus
930 4134 1047 4189 terreis,
1080 4129 1113 4182 ab
1133 4130 1263 4195 lillendtlo
1288 4146 1318 4184 er
1336 4132 1477 4192 mellosum

163 4201 319 4250 anctoritate
337 4196 458 4256 seclusa,
485 4210 554 4260 qnae
581 4203 668 4249 umen
688 4211 735 4261 per
752 4208 780 4248 se
799 4205 870 4251 certe
888 4204 1004 4259 spectata
1022 4212 1056 4250 ne
1074 4202 1208 4253 mlnlmsm
1227 4203 1335 4268 quidem
1353 4204 1476 4256 olientlo·

159 4281 222 4320 nens
241 4267 428 4333 renuentium
447 4267 655 4330 interpolationis
681 4269 796 4330 spectem
821 4269 928 4322 habent.
966 4271 1015 4331 lit,
1033 4273 1054 4320 sl
1073 4275 1111 4322 sle
1131 4272 1241 4337 legeris:
1270 4274 1435 4337 palaestram
1451 4279 1476 4328 et

160 4339 233 4390 sedes
250 4345 275 4389 et
289 4340 407 4401 porticus
421 4339 597 4403 etiomipsos,
617 4337 722 4397 Coteie.
744 4335 858 4391 Graecos
876 4341 1074 4393 mediationis
1093 4356 1174 4401 cosso
1191 4345 1320 4395 btueobss
1337 4344 1475 4396 arbitror:

160 4409 227 4460 nihll
246 4408 363 4470 protecta
382 4411 488 4462 tenulus
507 4417 586 4474 etune
604 4411 719 4462 lelunlue
737 4413 876 4476 excogitari
895 4414 1001 4471 potsrlt.
1019 4436 1053 4447 —
1071 4412 1098 4464 s.
1119 4415 1152 4465 tte
1168 4414 1210 4464 hs
1239 4415 1281 4464 bis
1299 4415 1342 4476 (li)
1359 4415 1417 4466 ΒΕ.
1445 4441 1474 4457 -

160 4479 203 4530 14.
223 4482 354 4530 comestio
371 4493 427 4531 εεε
444 4479 499 4529 ΑΒ.
519 4506 548 4518 -
570 4479 612 4530 lli.
630 4492 810 4544 repuerascere
827 4483 859 4542 lt,
877 4492 1057 4544 repoerossere
1068 4484 1101 4535 lt.
1122 4508 1153 4520 -
1173 4471 1217 4536 17.
1234 4484 1329 4536 uinclis
1341 4485 1426 4538 Ccdd.
1440 4485 1474 4537 sl.

160 4549 202 4605 lt:
222 4547 395 4616 oireeiisili)
413 4549 444 4602 li.
466 4576 495 4588 -
527 4550 570 4600 20.
590 4563 702 4603 rsssess
720 4551 803 4602 Codd.
822 4553 878 4613 sl.,
897 4552 937 4603 li:
962 4566 989 4603 se
1006 4567 1047 4605 res
1064 4551 1106 4619 (li)
1125 4554 1157 4605 B.
1185 4580 1219 4592 -
1245 4555 1292 4606 21.
1320 4563 1351 4610 tsi
1368 4556 1476 4612 seciuslt

160 4620 306 4672 Erneetltrs.
329 4641 356 4657 -·
386 4622 429 4670 22.
449 4620 571 4688 efflorere
589 4627 612 4669 st
631 4623 784 4674 comtiteere
802 4621 841 4683 h,
869 4621 933 4688 Lug·
952 4637 1043 4676 omnes
1063 4632 1166 4688 praeter
1183 4625 1246 4688 es..
1265 4627 1307 4678 Rs
1334 4628 1433 4695 praere
1451 4630 1476 4676 et

161 4698 310 4741 construere
328 4690 358 4743 E.
378 4691 432 4754 (lte
451 4690 473 4740 lt
492 4705 544 4742 non
564 4688 667 4756 llquet.)
687 4719 715 4735 -
736 4691 781 4742 24.
798 4694 911 4757 repotiis
927 4694 1073 4759 [oeensibus
1090 4696 1123 4758 h,
1143 4695 1193 4750 Gn.
1213 4694 1240 4747 3.
1261 4696 1337 4749 Vose-
1351 4697 1428 4752 held.
1449 4703 1478 4749 et

161 4759 220 4810 slll:
250 4760 395 4824 forensibus
421 4763 532 4827 repotiis
551 4757 613 4824 (ut)
630 4761 687 4812 lili.
717 4786 749 4799 -
779 4763 823 4814 25.
849 4765 965 4828 pestisnt
982 4789 993 4802 ·
1011 4767 1119 4829 cupient
1145 4766 1230 4819 Ccdd.
1256 4767 1322 4834 Rea·
1347 4768 1429 4822 7704.
1448 4774 1477 4819 et

160 4830 257 4880 stes:
277 4833 389 4896 pudeat
405 4854 417 4865 ·
434 4833 544 4897 eupiunt
561 4831 661 4883 Alillii.
684 4859 712 4870 -
732 4847 765 4884 εε
782 4831 836 4885 iob.
856 4833 1073 4897 eode.sl·,1ts
1092 4841 1169 4903 cipue
1186 4837 1402 4906 tai.(1t)li.-
1429 4837 1475 4894 24.

160 4912 208 4966 epo
226 4902 295 4966 poeti
312 4899 377 4952 Alis
395 4902 468 4967 pecti
484 4913 532 4968 epo
549 4901 605 4955 ltlt.
626 4925 656 4940 -
674 4901 719 4956 27.
737 4917 853 4970 minuere
868 4905 903 4957 11.
923 4930 953 4945 -
972 4904 1017 4959 44.
1035 4917 1090 4960 etse
1105 4919 1149 4962 ees
1165 4905 1200 4962 Δ.
