3232 5392
202 136 243 203 18
707 139 761 204 AD
783 140 1023 206 HERENNIUM

201 306 234 364 et
254 297 425 362 maledicos
447 293 636 362 confinxisse
655 299 820 378 dicemus;
846 306 879 364 et
898 306 953 365 aut
974 301 1109 386 aliquam
1132 299 1235 366 fictam
1255 303 1397 367 fabulam
1422 301 1456 365 in
1470 302 1528 365 ad·

199 393 358 461 versarios
378 389 568 467 afferemus,
606 413 701 502 quam
733 395 873 459 dieamus
901 396 1048 459 omnibus
1076 395 1109 458 in
1131 415 1188 460 ore
1210 417 1301 473 esse3
1337 403 1394 460 aut
1413 417 1525 460 venum

188 507 362 551 rumorem
384 487 603 568 proferemus,
628 488 682 572 qm
704 488 766 551 illis
787 489 906 574 aliquid
928 489 1129 574 turpitudinis
1144 488 1275 566 afferat,
1298 511 1402 576 neque
1418 498 1523 554 tamen

191 583 231 645 ei
253 581 374 691 rumori
402 601 462 652 nos
489 578 584 644 fidem
617 582 737 646 habere
769 584 932 660 dicemus;
968 583 1041 646 ideo
1072 586 1158 668 quod
1179 586 1282 669 quivis
1303 585 1401 649 bomo
1424 587 1525 671 possit

177 677 343 762 squemvis
372 683 495 757 turpem
526 677 566 738 dc
592 677 738 760 quolibet
767 697 928 741 mmorem
955 675 1099 759 proferre
1127 685 1161 743 et
1188 677 1352 744 confictam
1381 681 1523 743 fabulam

200 771 363 852 dissipare.
407 769 631 833 Verumtamen
654 771 682 833 si
704 791 813 835 rumor
836 772 1042 836 vehementer
1064 774 1239 854 probabilis
1260 795 1330 837 esse
1348 774 1521 848 videbitur,

199 865 447 950 argumentando
476 863 579 926 famae
608 861 703 927 fidem
732 866 906 946 poterimus
936 867 1102 950 abrogare.
1159 869 1252 944 Quod
1282 876 1315 931 et
1337 865 1523 932 difficillima

198 967 332 1024 tractatu
363 964 412 1022 est
441 958 622 1021 constitutio
652 959 872 1023 coniecturalis
902 967 934 1024 et
961 961 993 1022 in
1017 962 1101 1024 veris
1129 963 1231 1026 causis
1254 963 1437 1044 saepissime
1460 969 1523 1025 tra-

199 1057 312 1120 ctanda
339 1060 404 1128 est,
440 1072 479 1116 eo
510 1053 690 1136 diligentius
714 1075 825 1118 omnes
848 1056 915 1119 eius
931 1064 1037 1137 partes
1059 1057 1247 1138 perscrutati
1269 1078 1392 1131 sumus,
1423 1062 1461 1118 ut
1481 1076 1522 1118 ne

159 1150 330 1232 aoparvula
358 1147 485 1233 quidem
514 1147 702 1211 titubatione
733 1156 788 1212 aut
817 1147 992 1213 offensione
1021 1152 1265 1233 impediremur,
1310 1151 1337 1214 si
1366 1150 1405 1213 ad
1440 1150 1522 1213 banc

197 1246 353 1310 rationem
387 1242 621 1324 praeceptionis
660 1243 874 1306 assiduitatem
910 1245 1143 1308 exercitationis
1184 1246 1521 1309 accommodassemus.

196 1341 253 1404 lx.
280 1341 331 1402 13.
357 1340 446 1401 Nunc
468 1336 508 1400 ad
532 1336 690 1419 legitimae
719 1337 951 1402 constitutionis
980 1346 1084 1420 partes
1112 1347 1319 1403 transeamus.
1365 1339 1444 1404 Cum
1466 1357 1522 1402 vo-

195 1436 299 1499 luntas
322 1431 485 1515 scriptoris
510 1451 583 1494 cum
605 1432 723 1514 scripto
747 1433 901 1495 dissidere
924 1433 1101 1507 videbitur,
1133 1434 1160 1496 si
1182 1454 1201 1497 a
1224 1435 1342 1515 scripto
1366 1432 1520 1503 dicemus,

187 1531 245 1594 bis
268 1529 348 1593 locis
369 1534 497 1596 utemur
517 1527 691 1591 secuudum
714 1527 944 1590 narrationem:
969 1528 1106 1609 primum
1129 1528 1292 1609 scriptoris
1316 1525 1523 1590 collaudatio-

157 1637 252 1700 ttue;
288 1623 402 1687 deinde
427 1620 534 1702 scripti
557 1620 762 1696 recitatione;
798 1621 913 1685 deinde
935 1622 1189 1702 percontatione,
1224 1622 1381 1685 scirentne
1412 1622 1523 1683 adver-

196 1718 270 1783 sarii
293 1718 325 1780 id
348 1716 498 1798 scriptum
520 1715 618 1778 fuisse
641 1715 674 1778 in
694 1715 766 1797 lege
782 1722 837 1777 aut
860 1715 892 1777 in
908 1722 1096 1778 testamento
1115 1723 1169 1778 aut
1192 1716 1225 1778 iu
1245 1715 1447 1797 stipulatione
1468 1719 1524 1776 aut

196 1815 229 1877 in
254 1812 397 1895 quolibet
425 1809 561 1890 scripto,
596 1810 682 1894 quod
711 1810 751 1871 ad
782 1828 852 1870 eam
882 1829 949 1871 rem
972 1810 1159 1891 pertinebit;
1196 1810 1310 1873 deinde
1333 1810 1518 1882 collatione,

196 1907 272 1993 quid
296 1906 447 1987 scriptum
471 1903 529 1977 sit,
552 1903 629 1988 quid
652 1903 826 1966 adversarii
849 1923 884 1965 se
906 1902 1018 1966 fecisse
1038 1905 1159 1979 dicant,
1182 1905 1257 1989 quid
1276 1905 1413 1967 iudicem
1431 1903 1521 1987 sequi

195 2000 382 2074 conveniat,
405 2005 511 2063 utrum
524 1997 575 2071 id,
597 1998 686 2081 qaod
703 1997 871 2080 diligenter
888 1999 1097 2080 perscriptum
1117 1999 1174 2074 sit,
1198 2018 1238 2062 an
1256 2000 1306 2073 id,
1330 2001 1416 2084 quod
1430 2004 1522 2062 acute

159 2095 238 2159 rosit
258 2093 488 2176 excogitatum
511 2091 626 2153 deindo
650 2111 688 2154 ea
709 2092 884 2166 sententia,
909 2111 989 2174 quae
1015 2093 1054 2155 ab
1078 2094 1265 2157 adversariis
1287 2094 1328 2156 sit
1345 2093 1524 2176 excogitata

195 2197 230 2254 et
257 2189 374 2270 scripto
405 2185 571 2259 attributa,
584 2229 589 2237 ·
604 2190 825 2248 contemnetur
853 2190 886 2248 et
912 2181 1132 2251 infirmabitur.
1188 2189 1309 2252 Deinde
1338 2193 1520 2271 quaeretur,

194 2284 272 2370 quid
296 2283 326 2347 ei
349 2281 506 2354 obfuerit,
530 2279 557 2342 si
576 2279 610 2342 id
632 2278 785 2343 voluisset
802 2278 1000 2357 adscribere3
1024 2288 1079 2343 aut
1098 2302 1174 2345 num
1199 2302 1264 2345 non
1288 2282 1429 2363 potuerit
1450 2301 1523 2362 per-

191 2378 304 2443 scribi.
348 2377 469 2440 Deinde
495 2374 630 2437 anobis
653 2373 808 2437 sententia
831 2373 1007 2454 reperietur
1030 2383 1062 2438 et
1084 2397 1179 2439 causa
1200 2373 1398 2458 proferetur,
1422 2394 1521 2460 quare

194 2474 228 2537 id
252 2473 389 2554 scriptor
410 2467 562 2542 senserit,
586 2467 673 2551 quod
697 2466 957 2548 perscripsit;·et
980 2469 1248 2533 demonstrabitur
1270 2471 1420 2552 scriptum
1444 2468 1521 2531 illud

156 2588 265 2637 messe
293 2565 446 2637 dilucide,
468 2561 626 2638 breviter,
649 2561 833 2635 commode,
856 2561 1015 2642 perfecte,
1039 2571 1124 2626 certa
1137 2585 1209 2627 cum
1223 2565 1356 2628 ratione.
1399 2564 1522 2627 Deinde

196 2660 342 2743 exempla
365 2658 586 2741 proferentur,
610 2674 690 2739 quae
713 2675 783 2728 res,
807 2675 878 2717 cum
902 2656 941 2717 ab
967 2658 1155 2721 adversariis
1178 2660 1334 2724 sententia
1356 2664 1388 2723 et
1410 2659 1523 2723 volun·

191 2765 243 2820 ,tas
259 2752 443 2828 afferretur,
468 2749 616 2832 ascripto
634 2750 741 2832 potius
758 2750 915 2813 iudicatae
934 2758 1017 2814 sunt.
1061 2754 1183 2817 Deinde
1201 2756 1403 2829 ostendetur,
1427 2773 1521 2838 quam

195 2851 410 2935 periculosum
434 2847 475 2909 sit
496 2865 515 2907 a
538 2845 655 2928 scripto
683 2845 844 2908 recedere.
890 2846 992 2907 Locus
1015 2848 1191 2911 communis
1217 2856 1266 2912 est
1294 2857 1405 2913 contra
1434 2868 1519 2922 eum,

191 2946 267 3031 qui,
298 2964 370 3007 cum
391 2942 529 3005 fateatur
558 2960 593 3003 se
617 2947 728 3003 contra
751 2939 803 3014 id,
833 2940 918 3022 quod
942 2940 1066 3023 legibus
1089 2943 1242 3006 sancitum
1260 2951 1315 3006 aut
1333 2947 1521 3007 testamento

159 3039 407 3122 soperscriptum
431 3036 489 3110 sit,
520 3033 650 3107 fecisse,
686 3041 792 3096 tamen
814 3031 888 3096 facti
913 3043 1043 3118 quaerat
1065 3036 1294 3100 defensionem.
1338 3038 1381 3099 X.
1413 3035 1465 3099 lt.
1495 3038 1523 3100 Δ

197 3133 354 3199 sententia
387 3131 432 3193 sic
467 3129 631 3192 dicemus:
666 3128 804 3209 primum
837 3127 1034 3191 laudabimus
1070 3131 1232 3211 scriptoris
1263 3131 1522 3194 commoditatem

123 3272 129 3282 ,
196 3236 290 3313 atque
315 3226 521 3297 brevitatem,
552 3222 637 3306 quod
661 3228 781 3284 tantum
806 3222 983 3303 scripserit,
1019 3226 1104 3307 quod
1127 3245 1258 3288 necesse
1280 3226 1394 3300 fuerit,
1428 3225 1520 3300 illud,

195 3323 281 3409 quod
305 3322 373 3384 siue
396 3319 513 3399 scripto
537 3313 669 3399 intelligi
691 3317 846 3408 potuerit,
880 3336 944 3379 non
968 3319 1147 3381 necessario
1172 3321 1370 3383 scribendum
1389 3319 1520 3430 putarit.

194 3416 317 3480 Deinde
338 3415 481 3478 dicemus
505 3410 740 3474 calumniatoris
764 3431 832 3473 esse
856 3408 994 3473 officium
1017 3414 1115 3476 verba
1138 3421 1171 3477 et
1193 3415 1311 3479 litteras
1335 3417 1442 3499 sequi,
1466 3435 1523 3476 ne·

160 3511 317 3594 negligere
341 3509 547 3572 voluntatem.
591 3505 713 3567 Deinde
737 3504 789 3579 id,
813 3506 899 3585 quod
916 3507 1066 3587 scriptum
1087 3509 1144 3584 sit,
1170 3517 1224 3571 aut
1248 3530 1314 3573 non
1333 3529 1429 3591 posse
1452 3504 1521 3570 fieri

196 3611 337 3669 autnon
360 3604 448 3685 lege,
472 3620 537 3663 non
560 3618 666 3673 more,
694 3618 759 3660 non
782 3607 910 3675 natura,
933 3622 998 3664 non
1021 3622 1122 3687 aequo
1147 3610 1179 3667 et
1200 3606 1286 3667 bono
1311 3624 1405 3686 posse
1427 3599 1520 3676 fieri;

196 3717 277 3785 quae
302 3697 409 3761 omnia
439 3694 625 3776 scriptorem
653 3693 793 3758 noluisse
822 3714 917 3779 quam
941 3698 1114 3762 rectissime
1136 3698 1207 3762 fieri
1235 3718 1330 3763 nemo
1355 3699 1455 3772 dicet,
1489 3701 1523 3758 at

212 3967 216 3984 ‚,
264 3935 291 3985 l.
310 3934 448 3998 confictam
466 3932 488 3981 ll
507 3937 534 3983 et
551 3943 618 3982 corr.
639 3927 671 3979 a.
693 3952 724 3965 -
743 3927 770 3980 4.
790 3933 876 3994 catate
893 3946 960 3983 unus
978 3932 1087 3984 bomoP
1106 3940 1133 3986 et
1146 3933 1250 3986 Grsevtl
1264 3934 1328 3988 duo.
1343 3961 1371 3972 -
1391 3936 1416 3986 5.
1430 3947 1521 3998 qaam·

195 4007 236 4056 ote
253 4005 306 4056 PF.
326 4029 357 4041 -
390 4003 416 4054 8.
443 3999 739 4067 ethuofl'eteorr.
759 4000 939 4066 1¹,qnodtu
962 4009 995 4060 (et
1015 4019 1054 4067 pr.
1074 4002 1117 4064 P.)
1137 4031 1166 4043 -
1198 4008 1240 4056 tt.
1265 4005 1522 4059 accommodaremus

196 4075 252 4128 BR.
274 4102 304 4114 -
324 4075 368 4126 14.
388 4074 437 4124 Vr.
456 4074 597 4123 secondum
613 4074 794 4122 narrationem
813 4087 864 4125 om.
880 4088 919 4136 pr.
939 4075 1002 4127 Tet
1018 4078 1061 4127 etit
1080 4078 1182 4139 silanos
1201 4076 1298 4139 codd..
1320 4077 1519 4142 expunxisset.

197 4173 228 4185 -
248 4147 290 4199 15.
310 4147 508 4209 percontatione
526 4142 658 4192 PADRT:
677 4146 894 4205 percunctatione
911 4146 1010 4196 111-
1030 4151 1073 4197 Αιι
1091 4149 1254 4198 scierintnef
1273 4152 1325 4200 0u.
1339 4174 1371 4185 -
1390 4149 1434 4198 11.
1456 4162 1519 4198 ean-

197 4218 256 4268 dem
274 4217 358 4275 1111.
377 4229 435 4267 earn
453 4229 507 4266 om.
526 4214 619 4263 Dutsb.
640 4213 715 4266 Leld.
737 4214 783 4265 lV.
820 4215 858 4264 Ac
875 4228 939 4266 saue
958 4225 1047 4278 posset
1064 4218 1168 4270 abesse.
1196 4241 1226 4256 -
1250 4219 1390 4283 pertinebit
1408 4217 1519 4270 PAFR:

195 4290 329 4352 perttaeat
348 4287 434 4345 uTu,
461 4285 533 4347 quod
553 4284 650 4335 dictum
671 4290 739 4337 esset
758 4298 787 4336 er
806 4285 1014 4338 edrersnrtorum
1034 4302 1166 4351 persona:
1195 4289 1241 4339 sed
1260 4291 1303 4340 bte
1319 4289 1410 4350 scripti
1431 4289 1522 4340 deten-

198 4362 249 4409 eorl
261 4368 429 4421 praeceptum
441 4357 526 4407 detur.
543 4380 572 4392 -
592 4356 635 4404 11.
651 4357 862 4406 aetnamPFT:
882 4371 946 4406 num
957 4358 993 4419 lt,
1014 4360 1196 4423 autnnmqntd
1208 4361 1248 4422 ll,
1266 4365 1296 4410 nt
1307 4373 1361 4409 non
1371 4358 1432 4407 Scb·
1447 4364 1517 4411 cont.

198 4427 257 4492 (aar
273 4444 328 4480 non
343 4429 463 4492 potnerit
480 4426 637 4490 perscribere
656 4425 758 4490 Lama.)
780 4453 809 4464 -
840 4427 884 4476 21.
905 4431 1037 4491 scripserit
1056 4431 1178 4481 Pnl'llT.
1208 4456 1240 4467 -
1269 4430 1312 4480 25.
1338 4441 1397 4478 cum
1414 4432 1521 4480 ratione

199 4504 273 4549 certa
291 4500 374 4562 PFT,
394 4513 452 4551 eam
471 4501 667 4548 remoratione
686 4498 723 4557 ll,
745 4511 804 4546 auen
821 4500 925 4547 ratione
942 4513 995 4550 am.
1015 4510 1103 4559 certo,
1130 4515 1171 4564 pr.
1190 4501 1220 4552 Α.
1239 4497 1321 4558 (certo
1339 4512 1397 4548 cum
1415 4502 1520 4551 ratione

200 4582 269 4620 corr·
289 4568 333 4633 Α.)
353 4596 382 4607 -
403 4571 447 4619 26.
467 4571 595 4619 sententia
613 4567 768 4617 redderetur
785 4573 809 4617 et
827 4568 850 4617 ll
868 4576 894 4618 et
912 4583 980 4619 corr.
1003 4571 1078 4621 1.-
1099 4573 1143 4622 27.
1162 4575 1215 4622 stnt
1232 4568 1266 4630 F,
1287 4570 1317 4619 1..
1335 4593 1363 4604 -
1384 4569 1427 4618 32.
1448 4568 1520 4631 quod

198 4641 267 4691 lttad
285 4647 387 4691 tanturn
405 4640 489 4698 aru,
509 4641 553 4705 put
571 4639 638 4689 r'ttud
656 4645 761 4689 tanturn
779 4639 811 4688 L.
832 4664 861 4675 —
881 4638 925 4690 33.
944 4643 1121 4692 necessarium
1138 4642 1217 4693 Pau.
1236 4664 1270 4676 ·-
1288 4638 1331 4690 at.
1351 4639 1384 4690 V.
1404 4637 1519 4703 officium

199 4715 258 4762 stne
277 4723 354 4762 causa
373 4717 524 4773 suspectum
545 4709 745 4773 Oudendorplo.
767 4735 798 4746 -
829 4707 873 4760 ³7.
891 4710 1135 4765 oolausennemo
1154 4709 1306 4774 dubitetb,
1338 4707 1432 4765 Graes·
1454 4709 1516 4764 Sela.

199 4794 262 4835 saue
282 4789 372 4834 eontra
391 4782 476 4834 codd.
496 4789 608 4835 nostroe.
