3232 5392
170 203 231 269 338
697 198 751 262 DE
773 196 962 263 outcome

169 365 351 427 Tauriscum
374 362 529 447 quendem
551 355 627 422 dicit
647 363 785 423 actorem
807 376 951 422 aversum
972 354 1099 423 solitum
1121 377 1190 423 esse
1219 356 1349 435 dicere,
1385 357 1495 444 quiin

167 455 287 542 agendo
312 464 462 520 contuens
484 449 602 536 aliquid
630 451 857 538 pronuntiaret
901 454 973 516 222.
996 452 1102 529 Quare
1128 451 1293 519 oculorum
1311 460 1361 518 est
1382 472 1495 536 magna

116 584 121 594 v
166 551 351 618 moderatio.
394 552 472 612 Nam
493 546 558 612 oris
580 567 645 611 non
667 553 715 612 est
735 545 867 611 nimium
888 544 1035 612 mutanda
1055 547 1198 631 species,
1226 569 1267 612 ne
1289 553 1344 612 aut
1365 550 1406 613 ad
1429 546 1495 612 ine-

165 647 245 732 ptias
267 646 380 711 autad
401 639 585 726 pravitatem
613 640 747 727 aliquam
776 639 965 707 deseramur.
1011 641 1103 708 Oculi
1130 650 1219 716 sunt,
1256 662 1393 729 quorum
1428 650 1494 706 tum

144 742 353 813 sintentione,
381 745 448 802 tum
470 736 674 812 remissione,
705 743 771 801 turn
793 734 952 812 coniectu,
978 744 1045 801 tum
1067 734 1223 802 hilaritate
1245 745 1348 801 motus
1371 737 1495 800 animo·

165 858 236 902 rum
258 830 466 918 significemus
487 840 557 917 apte
579 851 651 896 cum
672 851 787 914 genere
808 831 877 914 ipso
907 830 1068 896 orationis.
1114 835 1169 897 Est
1189 831 1273 898 enim
1297 833 1380 896 actio
1405 829 1494 918 quasi

165 951 269 996 sermo
292 927 448 1011 corporis,
482 946 546 1013 quo
567 924 666 1009 magis
687 926 782 989 menti
805 945 979 1008 congruens
1001 947 1069 992 esse
1092 924 1200 992 debet.
1247 924 1362 991 Oculos
1387 932 1494 991 autem

47 1039 53 1050 ·
164 1034 275 1089 natura
297 1022 404 1097 nobis,
436 1027 470 1085 ut
491 1041 574 1105 equo
597 1030 628 1085 et
648 1018 733 1085 leoni
756 1027 852 1093 setas,
887 1019 1033 1095 caudam,
1064 1040 1156 1087 aures
1178 1024 1218 1086 ad
1243 1033 1347 1086 motus
1368 1019 1495 1085 animo-

164 1140 235 1184 rum
267 1119 472 1182 declarandos
502 1115 599 1181 dedit.
644 1117 717 1178 223.
752 1114 858 1191 Quare
888 1116 920 1178 in
948 1119 1006 1180 hac
1035 1125 1143 1182 nostra
1170 1119 1293 1183 actione
1316 1114 1493 1182 secuudum

127 1234 273 1280 revocem
296 1212 397 1278 vultus
419 1212 516 1289 valet3
549 1211 575 1275 is
597 1216 701 1276 aulem
724 1208 823 1273 oculis
845 1210 1047 1292 gubernatur.
1090 1214 1191 1298 Atque
1212 1211 1243 1276 in
1266 1211 1313 1277 eis
1329 1209 1490 1286 omnibus,

164 1330 245 1393 quae
266 1318 337 1373 sunt
358 1306 502 1379 actionis,
535 1305 617 1368 inest
637 1304 792 1390 quaedam
813 1305 860 1368 vis
882 1324 900 1367 a
921 1312 1030 1368 natura
1052 1307 1134 1370 data.
1178 1306 1284 1383 Quare
1306 1308 1402 1371 etiam
1435 1305 1493 1372 lrac

164 1405 317 1489 imperiti,
341 1403 400 1466 hac
419 1399 548 1484 vulgus,
572 1399 632 1463 huc
646 1399 782 1482 denique
798 1395 925 1461 barbari
940 1396 1075 1463 maxime
1090 1409 1342 1471 commoventur.
1386 1396 1493 1465 Verba

164 1497 247 1562 enim
268 1500 428 1561 neminem
450 1501 576 1558 movent
597 1491 658 1557 nisi
680 1513 766 1566 eum,
800 1493 853 1578 qui
876 1490 1016 1556 eiusdem
1039 1491 1164 1577 linguae
1187 1495 1336 1561 societate
1361 1495 1494 1560 coniun-

164 1602 231 1657 ctus
265 1600 328 1669 est;
366 1586 601 1671 sententiaeque
633 1596 741 1668 saepe·
761 1595 869 1650 acutae
903 1607 966 1650 non
992 1596 1157 1652 acutorum
1187 1591 1352 1654 hominum
1382 1609 1491 1654 seusus

10 1756 14 1764 ,
125 1683 410 1772 repraetervolant:
444 1682 539 1758 actio,
575 1701 654 1765 quae
681 1700 756 1766 prae
786 1701 820 1744 sc
850 1688 970 1745 motum
997 1681 1094 1747 animi
1121 1681 1197 1756 fert,
1233 1704 1343 1749 omnes
1366 1692 1491 1761 movet;

162 1783 273 1846 iisdem
305 1780 389 1842 enim
419 1775 558 1842 omnium
587 1773 684 1839 animi
712 1773 851 1839 motibus
873 1774 1067 1841 concitantur
1088 1785 1119 1842 et
1141 1800 1197 1842 eos
1219 1777 1331 1844 iisdem
1354 1778 1439 1843 notis
1461 1788 1490 1844 et

163 1879 195 1940 iu
216 1872 284 1937 aliis
306 1878 478 1955 agnoscunt
498 1878 530 1935 et
558 1872 590 1933 in
621 1888 654 1933 se
683 1867 743 1950 ipsi
772 1865 922 1933 indicant.
967 1872 1035 1935 Lx.
1059 1874 1131 1937 224.
1164 1871 1210 1937 Ad
1232 1872 1363 1939 actionis
1386 1883 1491 1938 autem

163 1989 254 2032 usum
277 1974 370 2054 atque
393 1963 517 2030 laudem
539 1963 707 2027 maximam
729 1960 795 2026 siue
818 1960 915 2029 dubio
936 1973 1056 2048 partem
1079 1988 1142 2031 vox
1164 1966 1303 2045 obtinet;
1327 1988 1408 2054 quae
1428 1971 1491 2055 pri-

161 2082 248 2127 mum
269 2069 317 2124 est
339 2061 474 2145 optanda
495 2054 605 2135 nobis;
636 2053 767 2132 deinde,
791 2076 997 2143 quaecunque
1021 2062 1099 2136 erit,
1125 2082 1163 2126 ea
1184 2060 1309 2127 tuenda.
1354 2064 1401 2126 De
1426 2081 1489 2147 quo

125 2155 237 2223 acillud
253 2157 315 2220 iam
330 2155 406 2219 nihil
421 2156 461 2218 ad
476 2155 536 2217 hoc
559 2148 771 2237 praecipiendi
794 2171 911 2234 genus,
936 2157 1202 2238 quemadmodum
1224 2156 1295 2222 voci
1317 2156 1488 2223 serviatur:

162 2253 307 2337 equidem
336 2269 449 2333 magno
478 2267 576 2330 opere
603 2264 717 2311 censeo
745 2244 963 2325 serviendum
1000 2252 1054 2314 sed
1086 2248 1163 2315 illud
1185 2248 1310 2317 videtur
1334 2255 1374 2316 ab
1397 2251 1489 2315 huius

161 2348 262 2410 nostri
283 2345 438 2410 sermonis
460 2339 565 2407 officio
587 2360 651 2404 nou
673 2340 867 2419 abhorrere,
892 2345 998 2429 quod,
1027 2351 1062 2407 ut
1083 2341 1148 2408 disi
1171 2344 1276 2430 paullo
1298 2355 1388 2421 ante,
1421 2345 1491 2431 plu·

162 2440 248 2504 rimis
270 2438 303 2503 in
324 2440 420 2503 rebus
442 2437 527 2522 quod
550 2436 685 2499 maxime
707 2442 755 2500 est
776 2434 873 2513 utile,
898 2436 929 2501 id
951 2436 1058 2504 nescio
1081 2460 1143 2522 quo
1166 2447 1258 2523 pacto
1282 2439 1377 2504 etiam
1400 2442 1490 2505 decet

162 2534 310 2598 maxime.
356 2535 434 2596 Nam
456 2533 496 2594 ad
518 2550 628 2595 vocem
652 2528 851 2595 obtinendam
874 2529 951 2596 nihil
973 2540 1020 2596 est
1042 2532 1148 2597 utilius
1171 2554 1265 2620 quam
1287 2532 1399 2599 crebra
1422 2555 1492 2599 mu·

125 2626 257 2705 astati03
280 2625 359 2691 nihil
380 2625 588 2712 perniciosius
610 2642 704 2709 quam
726 2620 825 2688 eliusa
847 2623 914 2689 sine
936 2624 1170 2693 intermissione
1193 2628 1365 2693 contentio.
1412 2632 1488 2693 225.

163 2720 267 2800 Quid,
298 2722 338 2785 ad
357 2740 448 2786 aures
469 2727 593 2784 nostras
621 2724 652 2782 et
672 2716 804 2783 actionis
826 2717 1028 2797 suavitatem,
1060 2720 1204 2806 quidest
1226 2721 1443 2788 vicissitudine
1458 2732 1491 2788 et

162 2818 311 2883 varietate
333 2822 365 2880 et
386 2814 628 2880 commutatione
657 2813 781 2898 aptius?
818 2814 927 2899 Itaque
956 2816 1039 2879 idem
1071 2818 1250 2894 Gracchus,
1285 2821 1371 2903 quod
1400 2828 1490 2904 potes

162 2911 288 2985 audire,
311 2910 434 2984 Catule,
457 2929 497 2973 ex
519 2907 658 2984 Licinio,
684 2905 798 2970 cliente
820 2915 894 2985 tuo,
919 2907 1055 2976 litterato
1076 2912 1220 2984 homine,
1246 2932 1339 2998 quem
1361 2934 1490 2979 servum

163 3005 223 3072 sibi
252 3005 304 3071 ille
330 3006 441 3069 habuit
467 3001 506 3067 ad
535 3022 678 3076 manum,
715 3020 787 3067 cum
816 3004 989 3068 eburneola
1018 3003 1127 3071 solitus
1156 3004 1343 3071 esthabere
1365 3007 1488 3085 fistula,

125 3127 154 3168 ao
164 3104 216 3189 qui
245 3107 341 3166 staret
368 3097 490 3164 occulte
517 3104 590 3182 post
619 3097 737 3182 ipsum,
773 3088 843 3160 cuin
865 3100 1115 3175 contionaretur,
1151 3102 1287 3186 peritum
1309 3102 1488 3179 hominem,

163 3198 216 3281 qui
237 3194 360 3260 inllaret
380 3191 524 3258 celeriter
546 3213 620 3256 eum
641 3210 771 3267 sonum,
802 3211 865 3277 quo
886 3191 975 3257 illum
997 3201 1050 3258 aut
1071 3196 1236 3259 remissum
1259 3194 1415 3262 excitaret
1436 3205 1490 3261 aut

163 3290 404 3354 acontentionc
426 3294 599 3353 revocaret.
644 3282 758 3348 Audivi
789 3286 986 3364 mehercule,
1022 3289 1123 3373 inquit
1151 3289 1298 3365 Catulus,
1335 3297 1366 3355 et
1394 3312 1489 3378 saepe

163 3404 232 3448 sum
253 3383 422 3448 admiratus
442 3379 580 3446 hominis
603 3400 673 3443 cum
696 3378 907 3464 diligentiam,
931 3381 1111 3448 tumeliam
1134 3382 1309 3450 doctrinam
1332 3393 1365 3449 et
1385 3387 1489 3451 scien-

162 3480 248 3542 tiam.
294 3479 366 3541 226.
401 3480 469 3559 Ego
492 3495 585 3550 sero,
619 3472 721 3560 inquit
744 3476 891 3552 Crassus,
925 3496 961 3540 ac
988 3478 1080 3541 doleo
1104 3478 1230 3562 quidem
1252 3479 1323 3546 illos
1345 3479 1433 3546 viros
1456 3482 1490 3546 in

126 3593 233 3639 eseam
253 3569 397 3636 fraudem
419 3570 451 3635 in
473 3591 508 3635 re
531 3567 656 3652 publica
679 3590 747 3633 esse
770 3567 933 3656 delaps0s;
963 3592 1149 3658 quamquam
1172 3596 1210 3639 ea
1232 3573 1294 3640 tela
1315 3574 1436 3640 texitur
1459 3584 1491 3640 et

163 3664 364 3731 ea‘incitatur
385 3663 418 3728 in
441 3665 565 3728 civitate
585 3664 666 3727 ratio
688 3661 814 3728 vivendi
835 3685 871 3730 ac
891 3668 1068 3749 posteritati
1095 3668 1284 3745 ostenditur,
1319 3678 1355 3735 ut
1376 3691 1489 3735 eorum

163 3757 295 3836 civium,
329 3778 408 3844 quos
429 3760 530 3822 nostri
552 3766 656 3844 patres
678 3777 742 3822 non
763 3757 917 3833 tulerunt,
947 3759 1009 3825 iam
1035 3761 1151 3828 similes
1173 3766 1291 3829 hahere
1313 3764 1487 3852 cupiamus.

162 3855 266 3930 Mitte,
290 3851 442 3931 obsecro,
465 3852 586 3939 inquit,
611 3855 740 3929 Crasse,
763 3850 877 3926 Iulius,
910 3873 1088 3922 sermonem
1109 3857 1204 3924 istum
1227 3868 1259 3925 et
1280 3869 1311 3924 te
1330 3862 1369 3925 ad
1393 3864 1489 3926 Grac-

235 4094 261 4142 1.
280 4092 345 4143 dicit
362 4091 408 4142 ΑΒ
425 4090 540 4154 altique,
563 4090 606 4140 R:
625 4091 694 4142 dicit
712 4091 744 4142 Β.
764 4114 799 4130 -
816 4093 843 4143 2.
863 4089 998 4158 contuens]
1017 4096 1137 4146 contusas
1155 4092 1211 4161 (sic)
1229 4097 1285 4150 ΑΒ.
1316 4096 1417 4163 (Atque
1436 4099 1488 4152 hoc

165 4164 275 4219 ecdem,
296 4163 359 4213 laiso
378 4161 503 4224 qutdern,
523 4162 598 4220 ioco,
626 4175 679 4213 non
698 4175 795 4225 supra,
823 4163 907 4216 codd·
928 4178 942 4216 a
962 4165 1074 4219 Grutero
1094 4175 1120 4218 ct
1138 4167 1270 4220 Ellendtto
1289 4173 1486 4222 commemorati

165 4235 303 4284 concivem
332 4232 456 4282 habuisse
475 4226 618 4291 sidentur.)
637 4258 667 4271 -
698 4240 737 4284 ast
762 4240 823 4286 rute
849 4250 947 4301 moqno
966 4251 1018 4288 om.
1036 4238 1093 4288 ΑΒ.
1123 4264 1155 4276 -
1180 4239 1205 4290 3.
1226 4253 1279 4290 nen
1297 4254 1349 4290 om.
1371 4241 1487 4292 Ernesttt

164 4316 271 4366 operae.
292 4325 323 4336 -
351 4304 378 4353 t.
399 4310 457 4354 tum
474 4309 535 4353 ente
552 4305 696 4354 intentione
714 4317 767 4354 om.
786 4306 816 4354 Β.
846 4331 878 4342 -
906 4306 933 4357 ’1.
955 4307 1046 4359 (icotir
1063 4307 1120 4359 ΑΒ.
1138 4333 1170 4346 -
1200 4308 1227 4358 Β.
1247 4317 1295 4360 cut
1312 4311 1381 4361 teoni
1398 4312 1432 4359 Α.
1452 4334 1488 4346 -

163 4373 242 4438 setus]
262 4374 337 4424 iubos
356 4375 422 4425 cod.
442 4374 509 4437 Ress.
528 4372 608 4424 7703.
629 4374 722 4435 steno.
742 4374 834 4426 Lame.
854 4376 961 4429 Seleu.
997 4379 1033 4429 Ut
1049 4392 1116 4440 nos,
1135 4379 1190 4434 ΑΒ,
1202 4380 1235 4430 Β.
1250 4407 1283 4418 -
1300 4382 1410 4431 αωνίεΒ
1430 4381 1488 4432 attt-

164 4459 226 4509 que.
250 4471 280 4482 -
301 4446 343 4495 10.
363 4447 399 4495 ets
418 4445 501 4496 codd.
521 4445 575 4495 at:
595 4445 628 4493 iis
645 4443 714 4507 (ΑΒ)
733 4445 789 4494 ΒΕ.
811 4469 842 4482 -
869 4449 913 4498 11.
933 4449 1100 4500 actionarii.
1126 4474 1156 4487 -
1189 4452 1232 4500 12.
1253 4452 1302 4502 tec
1320 4452 1413 4517 vulqus
1432 4466 1485 4503 om.

164 4516 219 4564 AB.
241 4540 271 4551 -
300 4513 518 4566 11111111.-
547 4515 591 4564 15.
611 4527 697 4565 omues
716 4518 855 4566 --arrimt
874 4519 1002 4569 om-Ali.
1033 4541 1066 4556 -
1097 4520 1139 4570 16.
1159 4522 1287 4572 moriad.
1321 4548 1350 4559 -
1384 4518 1486 4586 1¹1.se]

164 4592 245 4634 semet
263 4585 295 4634 B.
324 4611 352 4622 -
387 4587 430 4637 12.
450 4586 572 4648 optando
589 4584 621 4633 Β.
651 4610 681 4622 -
712 4586 757 4635 20.
776 4589 920 4651 recipiendi
936 4588 993 4639 ΑΒ.
1020 4615 1055 4624 -
1084 4590 1128 4640 21.
1147 4593 1265 4656 equidem
1282 4599 1369 4643 tomen
1386 4607 1486 4657 moqoo

62 4682 65 4687 -
164 4669 240 4716 opere
258 4654 307 4716 (stc
319 4655 400 4708 divise
413 4653 457 4721 A.)
478 4657 537 4707 Vct.
560 4655 651 4716 steou.
666 4654 764 4714 ΑΒ,Β.
785 4683 817 4694 -
836 4657 880 4708 23.
901 4673 951 4724 quo
968 4662 1082 4711 mamete
1100 4661 1132 4710 Α.
1154 4688 1184 4699 -
1203 4661 1276 4726 utile]
1296 4669 1325 4713 ut
1342 4665 1387 4713 itte
1404 4665 1437 4717 a,
1451 4689 1486 4699 -

164 4726 207 4773 26.
228 4727 264 4775 od
281 4733 342 4776 ante
362 4739 439 4777 cures
457 4741 509 4777 om.
529 4727 563 4777 Α.
585 4751 615 4763 -
646 4724 690 4775 27.
709 4727 802 4791 ltaque
818 4733 843 4778 et
859 4729 928 4780 idem
946 4731 976 4779 Β.
1003 4755 1036 4769 -
1061 4731 1104 4782 28.
1125 4734 1421 4797 LtcintoABalltque,
1441 4737 1484 4786 Ra

163 4795 279 4858 Erycino
299 4798 330 4845 Β.
350 4823 382 4835 -
409 4797 453 4847 ³5.
473 4803 497 4849 et
514 4805 575 4849 ante
596 4809 627 4846 eo
645 4809 697 4846 om.
716 4798 749 4848 Α.
771 4821 801 4833 -
828 4804 854 4849 et
871 4813 903 4850 sc
918 4803 1051 4855 inermus
1068 4815 1122 4854 om.
1140 4803 1172 4855 Β.
1196 4830 1229 4843 -
1254 4803 1299 4855 36.
1315 4809 1485 4869 posrotrotts

163 4864 218 4914 ΑΒ.
240 4866 375 4918 «Fortasse
393 4880 484 4920 rerum
503 4874 544 4920 est
558 4869 698 4932 posteris.»
716 4869 862 4922 lineretur.
