3232 5392
558 219 635 282 LlB.
661 217 701 282 11.
746 214 782 282 G.
806 220 859 282 99.
883 217 935 284 13.
956 217 1009 282 bd.
1389 209 1449 284 115

126 407 189 471 quo
223 383 286 449 iam
316 388 388 446 ante
418 378 573 444 sententia
605 379 737 443 alicuius
768 385 823 442 ant
850 377 1029 463 aliquorum
1058 376 1260 443 constitutum
1283 381 1340 441 est.
1384 380 1451 443 lam

126 483 195 547 iura
218 477 357 562 legitima
379 475 565 557 exlegibus
587 473 735 556 cognosci
757 468 923 557 oportebit.
966 474 1024 536 llis
1046 491 1122 581 ergo
1145 492 1186 537 ex
1206 471 1373 581 partibus
1364 475 1450 549 ruris,

126 573 277 662 quidquid
309 579 363 635 ant
394 590 435 633 ex
467 571 536 654 ipsa
564 590 599 632 re
628 574 681 633 aut
709 587 749 631 ox
782 566 874 632 simili
904 575 958 631 aut
979 587 1019 631 ex
1040 567 1160 632 maiore
1182 568 1343 632 minoreve
1366 567 1452 632 nasci

126 664 303 742 videbitur,
341 665 502 729 attendere
537 673 631 749 atquc
667 663 784 727 elicere
819 659 1024 747 pertentando
1057 682 1153 726 unam
1185 681 1341 748 quamque
1373 661 1451 727 iuris

125 769 246 848 partem
268 757 442 844 oportebit.
487 759 644 821 Locorum
666 762 770 820 antem
784 755 996 820 communium
1016 756 1166 840 quomam
1188 763 1236 838 (ut
1248 765 1319 821 ante
1334 755 1475 823 dictnms

127 859 187 931 est)
210 857 274 919 duo
297 873 412 937 genera
433 859 518 926 sunt,
549 873 684 957 quornm
706 851 838 916 alterum
861 847 974 915 dubiae
996 850 1063 927 rei,
1097 854 1230 918 alterum
1252 859 1355 916 certae
1377 871 1452 916 con-

127 949 204 1012 tinet
225 945 515 1032 amplificationem,
539 943 645 1029 quid
637 965 704 1027 ipsa
726 965 818 1010 causa
840 943 893 1009 det
916 953 947 1009 et
968 946 1044 1033 quid
1058 949 1168 1031 augeri
1174 966 1239 1056 ‘per
1253 968 1451 1014 communem

126 1045 231 1107 locum
252 1041 353 1128 possit
374 1049 405 1105 et
427 1047 586 1122 oporteat,
611 1040 871 1103 considerabitur.
916 1043 991 1103 Nam
1015 1043 1106 1116 certi,
1130 1040 1183 1128 qni
1204 1040 1238 1105 in
1252 1061 1360 1107 omnes
1374 1043 1453 1105 inci-

40 1170 47 1199 .
128 1141 219 1212 dant,
255 1134 318 1200 loci
343 1132 513 1219 praescribi
542 1155 606 1197 non
633 1139 783 1217 possunt;
817 1132 850 1195 in
873 1133 1032 1218 plerisque
1053 1134 1185 1201 sortasse
1207 1134 1247 1200 ab
1269 1140 1452 1202 anctoritate

127 1230 205 1295 iuris
233 1230 449 1294 consultorum
478 1234 510 1290 et
538 1235 649 1291 contra
676 1228 894 1291 anctoritatem
916 1227 979 1292 dici
1001 1230 1172 1315 oportebit.
1218 1232 1489 1296 Attendendnmro

128 1334 175 1389 est
195 1331 299 1389 antem
322 1324 407 1387 etin
428 1325 487 1385 bac
510 1329 541 1385 ct
562 1320 594 1384 in
617 1323 782 1396 omnibus,
815 1340 891 1386 num
912 1342 992 1407 quos
1014 1325 1102 1388 locos
1124 1344 1306 1390 communes
1327 1332 1452 1411 praeter

127 1440 201 1495 eos,
235 1438 316 1504 quos
345 1437 404 1481 nos
425 1414 648 1499 exposuimus,
686 1413 755 1498 ipsa
776 1434 828 1480 res
849 1419 1003 1483 ostendat.
1046 1420 1135 1484 Nunc
1157 1417 1332 1485 iuridiciale
1354 1440 1453 1505 genus

127 1523 159 1579 et
178 1522 284 1598 partes
306 1512 374 1577 eins
396 1509 644 1575 consideremus.

209 1609 326 1672 1111111.
359 1607 411 1674 69.
445 1602 631 1669 Iuridicialis
653 1611 719 1680 est,
745 1603 779 1669 in
800 1626 863 1690 qna
884 1604 976 1690 acqui
999 1604 1063 1670 et
1052 1603 1153 1694 iniqui
1174 1617 1283 1674 natura
1308 1617 1339 1673 et
1359 1579 1453 1693 prae-

128 1701 183 1768 mii
203 1714 257 1768 aut
277 1721 398 1789 poenae
419 1698 501 1765 ratio
524 1697 699 1782 quaeritur.
744 1698 846 1764 Huius
867 1710 972 1786 partes
994 1709 1067 1764 sunt
1088 1703 1187 1778 duae,
1222 1723 1354 1789 quarum
1376 1708 1488 1769 alte-rs

128 1819 193 1862 ram
215 1795 410 1871 absolutam,
444 1792 667 1893 assumptivam
688 1791 816 1857 alteram
838 1794 1045 1860 nominamus.
1091 1795 1241 1861 Absoluta
1270 1806 1333 1875 est,
1373 1819 1454 1884 qnae

127 1892 195 1979 ipsa
224 1894 256 1957 in
284 1913 318 1958 se
347 1910 409 1954 non
442 1895 478 1952 ut
504 1871 669 1971 negdtiatis
694 1887 845 1973 implicite
872 1898 903 1954 et
932 1888 1114 1959 abscondite
1150 1893 1206 1955 sed
1233 1896 1390 1978 patentius
1423 1904 1455 1960 et

127 1985 304 2072 expeditius
325 1983 402 2049 recti
424 1992 456 2047 et
476 2002 541 2048 non
563 1980 642 2046 recti
664 1983 881 2065 quaestionem
903 1984 1052 2050 eontinet.
1098 1988 1145 2049 lla
1160 1993 1209 2050 est
1222 1983 1451 2055 huiuscemodi:

110 2084 205 2146 Ι(ὶιιιιι
228 2076 369 2144 Thebani
390 2074 657 2141 Lacedaemonios
677 2073 762 2140 bello
783 2086 984 2164 superassent
1005 2087 1036 2143 ct
1057 2077 1124 2144 sere
1144 2099 1214 2145 mos
1235 2090 1318 2146 esset
1339 2083 1452 2159 Graiis,

127 2193 198 2237 cum
219 2173 303 2237 inter
324 2194 359 2237 se
381 2170 499 2237 bellum
521 2169 706 2253 gessissent,
739 2178 775 2234 ut
796 2170 837 2248 ii,
871 2173 925 2259 qni
948 2175 1110 2248 vicissent,
1140 2182 1304 2257 tropaeum
1326 2174 1454 2261 aliquod
1463 2194 1491 2234 ao

127 2265 160 2330 in
175 2263 289 2330 linibus
303 2273 476 2333 statuerent
497 2263 646 2329 victoriae
668 2267 763 2329 modo
785 2264 818 2330 in
838 2270 1016 2352 praesentia
1031 2265 1236 2332 declarandae
1259 2290 1365 2345 eausa,
1389 2291 1454 2336 non

127 2371 162 2425 ut
183 2363 214 2424 in
236 2367 425 2446 perpetuum
446 2356 522 2423 belli
552 2357 705 2423 memoria
727 2368 888 2437 maneret,
923 2381 1055 2426 aeneum
1077 2369 1253 2427 statuerunt
1273 2373 1450 2447 tropaeum.

127 2457 321 2521 Accusamus
342 2451 424 2537 apud
447 2451 709 2535 Amphictyonas,
735 2451 767 2517 id
790 2462 853 2531 est,
884 2459 968 2540 apud
990 2474 1157 2522 commune
1179 2457 1327 2522 Graeciae
1349 2459 1454 2524 conci·

127 2551 215 2615 lium.
257 2554 310 2614 70.
335 2549 469 2613 Intentio
484 2556 550 2610 est:
575 2550 644 2611 Non
659 2547 810 2631 oportuit.
853 2550 1004 2635 Depulsio
1020 2557 1083 2615 est:
1109 2550 1267 2635 Oportuit.
1302 2553 1452 2628 Quaestio

128 2652 191 2708 est:
215 2643 464 2727 oportueritne?
493 2643 583 2706 Ratio
608 2649 672 2706 cst:
694 2644 771 2706 Eam
795 2645 877 2709 enim
900 2642 1045 2708 arbella
1067 2641 1199 2726 gloriam
1221 2645 1335 2709 virtute
1357 2662 1489 2732 pepe-ss

127 2737 244 2813 rimus,
282 2745 318 2801 ut
346 2739 415 2802 eins
448 2745 575 2800 aeterua
605 2734 737 2819 insignia
766 2738 900 2823 posteris
933 2739 1049 2803 nostris
1081 2740 1259 2821 relinquere
1291 2741 1452 2806 vellemus.

127 2830 298 2898 lufirmatio
321 2839 383 2896 est:
414 2833 559 2895 Attamen
581 2836 743 2895 aeternum
765 2831 995 2897 inimicitiarum
1018 2839 1255 2897 monumentum
1279 2834 1390 2900 Graios
1412 2839 1452 2899 de

129 2927 230 2990 Graiis
252 2932 390 2991 statuere
410 2945 475 2989 non
499 2931 634 3010 oportet.
679 2922 830 2991 ludicatio
853 2934 916 2991 est:
940 2927 1017 2990 Cum
1040 2946 1179 2991 summae
1202 2928 1325 2992 virtutis
1340 2948 1453 2993 conce-

128 3016 295 3085 lebrandae
326 3039 419 3084 causa
448 3021 534 3085 Graii
563 3022 602 3083 de
632 3019 733 3085 Graiis
762 3028 925 3086 aeternum
953 3019 1185 3085 inimicitiarum
1212 3029 1452 3087 monumentum

128 3121 321 3189 statuerunt,
344 3120 473 3178 rectene
494 3133 536 3176 an
557 3120 667 3177 contra
687 3112 844 3179 iecerintt
872 3116 960 3178 Hanc
980 3111 1053 3178 ideo
1077 3114 1232 3179 rationem
1247 3118 1449 3193 subiecimus,
1462 3131 1489 3173 ³0

128 3216 164 3272 ut
185 3210 246 3272 hoc
267 3228 379 3272 musae
407 3227 506 3291 genus
534 3204 655 3292 ipsum,
693 3203 733 3271 de
763 3228 825 3294 quo
854 3207 993 3292 agimus,
1028 3216 1281 3291 cognosceretur.
1325 3211 1403 3274 Nam
1426 3210 1453 3275 si

129 3321 200 3366 eam
222 3303 512 3387 supposuissemus,
543 3322 606 3384 qua
627 3301 759 3366 fortasse
781 3304 830 3368 usi
852 3313 938 3367 sunt:
974 3306 1044 3366 Non
1067 3306 1150 3366 enim
1173 3305 1253 3368 inste
1274 3323 1378 3389 neque
1400 3305 1453 3389 pie

127 3392 245 3460 bellum
267 3396 425 3478 gessistis3
449 3395 483 3457 in
503 3395 690 3459 relationem
712 3394 851 3460 criminis
867 3394 1104 3472 delaberemur‚
1129 3401 1168 3462 de
1182 3418 1243 3484 qua
1257 3406 1329 3484 post
1343 3400 1454 3483 loque-

127 3509 211 3554 mur.
255 3491 428 3575 Utrumque
457 3495 563 3556 antem
593 3510 706 3553 causae
735 3510 832 3573 genus
860 3492 893 3554 in
919 3493 1000 3555 banc
1022 3502 1148 3555 causam
1171 3490 1311 3557 incidero
1331 3491 1454 3578 perspi-

127 3602 222 3648 cuum
244 3591 303 3648 est.
347 3587 381 3648 ln
402 3584 485 3646 banc
506 3585 793 3665 argumentationes
814 3604 854 3648 ex
868 3584 980 3649 iisdem
996 3586 1074 3649 locis
1089 3584 1344 3652 sumendae-sunt
1358 3596 1489 3673 atquess

128 3677 162 3743 in
184 3699 309 3743 causam
330 3675 534 3760 negotialem,
563 3696 624 3761 qua
646 3678 685 3740 dc
706 3685 778 3741 ante
799 3675 916 3743 dictum
939 3685 996 3743 est.
1041 3682 1093 3744 71.
1116 3683 1217 3745 Locos
1238 3689 1343 3746 autem
1367 3700 1454 3745 com-

128 3793 242 3838 munes
261 3782 295 3837 et
315 3792 357 3837 ex
379 3790 472 3835 causa
492 3771 578 3854 ipsa,
614 3771 642 3834 si
671 3769 746 3856 quid
772 3774 865 3838 inerit
885 3772 1106 3858 indignationis
1127 3782 1182 3839 unt
1204 3777 1450 3860 conquestionis,

129 3874 162 3931 et
183 3887 222 3931 er
241 3865 319 3933 iuris
338 3865 471 3931 utilitate
493 3876 525 3931 et
543 3873 656 3929 natura
676 3867 792 3930 multos
813 3875 977 3951 etgraves
999 3887 1125 3933 sumere
1144 3866 1251 3933 licebit
1273 3880 1304 3934 et
1325 3877 1453 3955 oporte·

128 3961 193 4036 bit,
228 3964 255 4026 si
275 3980 387 4025 causae
408 3959 543 4043 dignitas
564 3957 722 4025 videbitur
743 3963 914 4047 postulare.
958 3965 1073 4032 XXIV.
1109 3966 1199 4028 Nunc
1227 3963 1450 4049 assumptivum

128 4062 250 4139 partem
272 4052 457 4120 iuridicialis
479 4052 727 4122 consideremus.
825 4101 831 4114 .
1010 4121 1017 4144 Ι
1459 4081 1487 4125 to

198 4313 225 4366 d.
245 4320 293 4366 out
309 4316 411 4365 metm
428 4313 482 4366 ru.
503 4311 548 4379 (Ut
565 4327 632 4374 nos,
652 4309 719 4378 VA.)
738 4337 771 4350 ··
788 4313 816 4365 t.
834 4325 958 4378 qumque
976 4313 1113 4365 ostendere
1129 4313 1168 4375 V,
1193 4317 1300 4381 qouque
1317 4313 1451 4366 attendere

128 4383 164 4437 R.
183 4382 228 4449 (Ut
247 4399 311 4446 nos,
331 4383 397 4449 ΡΑ.)
418 4409 446 4422 -
477 4386 545 4436 tusis
560 4391 665 4449 portam
682 4384 768 4435 sau:
792 4391 896 4447 portam
912 4386 981 4434 tarta
999 4384 1030 4434 11.
1052 4409 1082 4423 -
1110 4387 1139 4437 5.
1157 4387 1258 4437 debebit
1277 4386 1335 4436 vlt.
1363 4409 1394 4420 -
1421 4384 1450 4436 d.

130 4462 306 4522 amarunt
323 4456 411 4507 PAR:
431 4461 493 4507 sunt
510 4469 607 4521 omero
625 4456 657 4504 Ε.
687 4480 719 4491 -
746 4455 773 4505 9.
796 4455 924 4516 perscribi
941 4455 1101 4508 Vtctortnns.
1138 4456 1250 4509 Atride
1269 4456 1333 4518 Cap.
1354 4456 1397 4505 17.
1416 4479 1451 4491 -

129 4525 448 4580 autumnitanus.
468 4535 573 4589 praeter
591 4539 630 4587 pr.
651 4524 740 4575 schol.
760 4527 818 4587 tpso
838 4525 976 4588 probante.
996 4526 1050 4577 sed
1069 4541 1094 4579 s.
1109 4527 1172 4577 Bru.
1192 4526 1237 4590 (Ut
1249 4539 1313 4587 nos,
1345 4529 1451 4583 nostrl.)

128 4623 164 4635 -
181 4597 225 4648 19.
246 4611 312 4660 quos
328 4610 377 4647 isos
394 4600 548 4660 seponimus
566 4596 654 4647 l’Alt:
674 4607 740 4658 quos
758 4598 912 4659 asponiam
930 4597 994 4660 (om.
1013 4597 1181 4660 cosla·
1212 4596 1255 4648 18.
1275 4598 1452 4648 huiuscemodi

129 4669 167 4721 Pr
186 4667 335 4718 summost
352 4667 482 4718 11111.-
503 4667 546 4717 19
565 4671 731 4730 superassent
747 4666 787 4720 11.
807 4666 881 4716 betd.
901 4665 956 4726 11..
975 4667 1015 4717 L:
1035 4669 1233 4727 superavissent
1250 4667 1379 4718 PAR.-
1405 4668 1450 4719 2¹.

129 4736 454 4802 emmeramm-
483 4737 575 4787 1991
593 4742 658 4786 est·
675 4735 842 4786 wcoesstous
858 4745 980 4796 suspecta
999 4738 1065 4789 baec
1082 4737 1211 4788 Lambtno
1230 4739 1282 4790 del.
1302 4737 1449 4790 Sebutrtus.

131 4832 163 4849 ·-
183 4808 228 4859 18.
248 4808 467 4859 ccncsubrnssdos
484 4808 553 4859 PAR
570 4800 688 4869 stttques
707 4806 986 4858 ertetrocotoctt.-
1016 4809 1061 4860 90.
1088 4813 1241 4863 statuerunt
1258 4810 1328 4862 PAR
1346 4811 1451 4873 opttml·

130 4894 185 4947 qus
205 4879 294 4934 Oud.
312 4879 422 4931 bamb..
440 4878 631 4931 stotucriotll.

188 4976 328 5023 emet
1077 4973 1117 5039 ιο
1173 5030 1174 5035 .
