3216 5400
169 216 213 280 78
680 214 734 277 ΑΙ)
757 215 995 280 HERENNIUM

172 384 284 441 tretur.
331 375 408 438 Cum
431 381 542 457 agetur
562 371 759 438 incolumitas
780 385 931 461 perpetua
953 376 1101 449 civitatis,
1136 375 1190 459 qui
1211 373 1302 437 bonis
1325 375 1385 436 erit
1406 373 1503 436 ratio-

171 469 264 536 nibus
286 469 463 557 praeditns‚
498 470 641 553 profecto
670 470 792 533 nullum
821 473 904 535 vitae
935 473 1103 535 discrimen
1132 467 1190 532 sibi
1215 489 1272 554 pro
1295 466 1431 532 fortunis
1453 469 1501 531 rei

171 567 317 650 publicae
339 563 522 647 fugiendum
545 564 668 647 putabit
689 572 721 626 et
742 567 801 627 erit
823 566 855 626 in
879 586 916 628 ea
938 566 1091 628 sententia
1107 583 1252 648 semper,
1277 570 1312 625 ut
1326 582 1384 647 pro
1400 566 1501 649 patria

171 663 310 724 studiose
344 660 485 742 quamvis
514 659 547 720 in
577 676 722 739 magnam
750 660 920 722 descendat
946 660 1030 723 vitae
1059 655 1305 721 dimicationem.
1358 660 1501 722 Pronun-

149 755 278 817 stiando
300 750 577 823 commutabimus,
612 753 638 813 si
662 760 727 815 tum
749 753 782 815 in
804 774 965 828 sermone,
999 762 1064 816 tum
1092 754 1124 815 in
1146 755 1335 829 acrimonia,
1373 762 1439 816 tum
1467 755 1501 815 in

170 849 233 913 alio
266 856 359 933 atque
387 848 450 911 alio
478 867 593 930 genere
623 849 710 910 vocis
739 855 832 931 atque
863 856 968 930 gestus
997 850 1107 911 eadem
1137 849 1243 911 verbis
1276 844 1500 912 commutando

169 943 457 1028 pronuntiationem
480 961 605 1026 quoqne
629 943 845 1004 vehementius
867 939 1111 1007 immutabimus.
1158 946 1225 1006 lloc
1241 965 1344 1029 neque
1360 963 1502 1007 commo-

170 1038 299 1100 dissime
321 1037 416 1099 scribi
438 1042 541 1120 potest
563 1055 666 1119 neque
689 1054 799 1119 parum
816 1045 863 1099 est
878 1045 1041 1122 apertum;
1066 1059 1162 1123 quare
1178 1058 1242 1102 non
1258 1047 1330 1122 eget
1345 1038 1498 1121 exempli.

170 1133 222 1194 55.
257 1132 396 1194 Tertium
426 1149 524 1211 genus
556 1135 604 1191 est
632 1133 909 1206 commutationis,
947 1135 1032 1216 quod
1063 1135 1223 1218 tractando
1254 1128 1437 1204 conficitur,
1474 1131 1500 1192 si

132 1245 161 1285 m
170 1226 355 1289 sententiam
390 1225 578 1287 traiiciemus
613 1231 667 1285 aut
694 1227 733 1287 ad
754 1227 1052 1289 sermocinationem
1075 1225 1188 1290 autad
1211 1227 1500 1290 exsuscitationem.

170 1320 281 1383 XLlll.
307 1319 534 1381 Sermocinatio
559 1324 622 1402 est,
649 1318 701 1394 (de
724 1338 784 1403 qua
808 1320 930 1402 planius
953 1319 1058 1404 paullo
1081 1329 1153 1405 post
1174 1342 1232 1385 suo
1256 1323 1328 1385 loco
1344 1319 1498 1393 dicemus,

169 1434 252 1476 nunc
275 1414 430 1486 breviter,
455 1413 540 1496 quod
563 1414 601 1474 ad
623 1413 704 1474 hanc
727 1433 793 1475 rem
817 1414 892 1475 satis
914 1415 967 1487 sit,
999 1416 1187 1498 attingemus
1196 1415 1214 1494 ,l
1243 1417 1275 1479 in
1298 1436 1359 1501 qua
1382 1415 1501 1478 consti·

170 1515 275 1573 tuetur
296 1508 427 1571 alicuius
449 1526 603 1590 personae
626 1508 729 1571 oratio
751 1510 987 1571 accommodata
1010 1508 1048 1572 ad
1072 1508 1272 1593 dignitatem,
1303 1512 1365 1573 boc
1387 1511 1498 1581 modo,

169 1612 220 1677 ut,
244 1623 307 1688 quo
328 1601 449 1665 facilius
472 1624 521 1664 res
544 1603 691 1685 cognosci
714 1603 826 1686 possit,
856 1623 895 1664 ne
917 1600 957 1666 ab
981 1603 1091 1668 eadem
1115 1607 1271 1668 sententia
1292 1601 1497 1667 recedamus:

133 1698 316 1781 assumens,
357 1699 411 1779 qui
442 1699 549 1761 omnia
579 1700 624 1761 rei
656 1697 801 1783 publicae
835 1719 927 1763 causa
960 1699 1159 1782 suscipienda
1190 1700 1328 1783 pericula
1362 1698 1498 1781 putabit,

170 1810 263 1874 saepe
293 1791 360 1874 ipse
389 1792 433 1854 sic
462 1813 568 1855 secum
597 1792 761 1877 loquetur:
799 1796 868 1855 Non
897 1793 974 1855 mihi
998 1793 1072 1864 soli,
1107 1794 1279 1855 sedetiam
1302 1799 1394 1876 atque
1418 1789 1500 1853 adeo

170 1887 270 1949 multo
292 1885 398 1968 potius
421 1895 510 1949 natus
533 1907 602 1948 sum
625 1887 761 1970 patriae;
792 1888 868 1960 vita,
893 1906 974 1971 quae
997 1882 1061 1948 lato
1085 1883 1237 1959 debetur,
1262 1885 1355 1949 saluti
1378 1887 1499 1971 patriae

169 1980 367 2065 potissimum
390 1980 540 2042 solvatur.
585 1980 670 2042 aluit
692 1984 768 2043 baec
791 2002 858 2056 me;
882 1988 949 2043 tute
970 1988 1063 2064 atque
1085 1980 1217 2054 honeste
1233 1982 1383 2064 produxit
1398 2001 1499 2066 usque

171 2075 209 2137 ad
231 2075 312 2136 banc
335 2081 486 2149 aetatem;
511 2076 624 2136 muniit
649 2094 734 2139 meas
757 2076 894 2137 rationes
916 2072 1007 2137 bonis
1030 2076 1168 2158 legibus,
1193 2075 1319 2157 optimis
1342 2072 1497 2148 moribus,

132 2185 160 2226 n
170 2169 400 2232 honestissimis
423 2169 620 2252 disciplinis·
651 2171 734 2245 Quid
758 2177 823 2244 est,
854 2170 940 2255 quod
962 2189 979 2231 a
1001 2190 1052 2232 me
1075 2171 1149 2232 satis
1172 2169 1201 2233 ei
1224 2168 1361 2254 persolvi
1384 2173 1497 2255 possit,

169 2266 254 2326 unde
285 2264 365 2325 haec
398 2272 524 2344 accepta
554 2269 648 2327 suntl
686 2268 790 2340 Quare
824 2282 918 2347 saepe
952 2284 1011 2345 ego
1042 2264 1074 2325 in
1103 2264 1252 2348 periculis
1281 2262 1497 2348 reipublicae

168 2355 289 2421 nullum
316 2358 384 2440 ipse
411 2355 586 2442 periculum
607 2358 685 2441 iugi.
741 2361 820 2421 ltem
842 2364 978 2420 mutatur
1001 2376 1050 2419 res
1073 2360 1251 2431 tractando,
1275 2359 1301 2421 si
1323 2360 1499 2422 traducitur

170 2454 209 2517 ad
232 2451 525 2525 exsuscitationem,
549 2473 619 2515 cum
643 2462 674 2515 et
695 2471 753 2516 nos
776 2453 925 2515 commoti
949 2451 1053 2514 dicere
1077 2453 1256 2525 videamur,
1289 2460 1322 2515 et
1343 2453 1497 2516 auditoris

170 2548 308 2611 animum
331 2545 591 2621 commovemus,
616 2549 683 2610 sic:
723 2549 801 2624 Quis
829 2552 878 2609 est
906 2554 967 2609 tam
996 2547 1083 2609 tenui
1112 2548 1303 2630 cogitatione
1325 2550 1496 2632 praeditus,

131 2642 259 2706 nonius
280 2639 402 2703 animus
424 2642 517 2703 tantis
538 2643 688 2724 angustiis
710 2640 845 2704 invidiae
868 2642 1061 2713 continetur,
1086 2641 1216 2725 quinon
1232 2643 1317 2704 bunc
1332 2643 1496 2708 bominem

169 2735 396 2801 studiosissime
425 2733 529 2798 laudet
558 2744 590 2799 et
616 2738 879 2820 sapientissimum
901 2735 1034 2807 iudicet,
1067 2736 1120 2818 qui
1149 2754 1207 2819 pro
1235 2737 1334 2800 salute
1360 2738 1494 2821 patriae,

168 2849 227 2917 pro
249 2831 462 2894 incolumitate
492 2830 640 2903 civitatis,
679 2851 736 2916 pro
766 2832 812 2893 rei
838 2829 983 2914 publicae
1013 2827 1147 2892 lortunis
1177 2831 1320 2915 quamvis
1346 2850 1496 2914 magnum

169 2936 262 3013 atque
289 2934 378 2989 atrox
407 2927 579 3010 periculum
607 2923 746 2989 studiose
774 2925 921 3008 suscipiat
948 2930 979 2986 et
1008 2924 1144 2988 libenter
1166 2927 1301 2988 subeat‘t
1338 2926 1495 3010 Equidem

168 3022 252 3086 bunc
274 3021 435 3084 bominem
458 3021 556 3101 magis
579 3019 671 3103 cupio
696 3021 769 3082 satis
791 3020 934 3089 laudare,
959 3037 1051 3101 quam
1074 3039 1225 3100 possum3
1263 3020 1409 3105 idemque
1431 3020 1496 3082 boc

130 3126 256 3180 ascerto
280 3116 346 3178 scio
370 3112 459 3178 vobis
482 3111 627 3179 omnibns
649 3135 708 3176 usu
731 3114 849 3175 venire.
895 3114 948 3174 56.
980 3109 1099 3175 Eadem
1128 3135 1179 3176 res
1207 3113 1302 3196 igitur
1323 3116 1371 3178 bis
1394 3114 1495 3177 tribus

168 3212 201 3274 in
225 3210 359 3275 dicendo
382 3210 626 3273 commutabitur
655 3208 766 3281 rebus,
795 3208 917 3281 verbis,
947 3208 1195 3291 pronuntiando,
1225 3210 1403 3283 tractand0;
1439 3206 1496 3270 sed

168 3304 329 3371 uastando
357 3305 540 3389 dupliciter,
578 3303 841 3366 sermocinatione
871 3309 902 3365 et
931 3301 1184 3367 exsuscitatione.
1229 3304 1291 3365 Sed
1320 3302 1495 3364 decadem

167 3419 204 3466 ro
235 3420 306 3464 cum
335 3401 494 3471 dicemus,
524 3395 666 3484 pluribus
698 3404 823 3461 utemur
849 3400 1158 3462 commutationibus.
1218 3401 1294 3462 Nam
1325 3418 1398 3460 cum
1423 3417 1494 3461 rem

168 3494 351 3580 simpliciter
374 3494 693 3580 pronuntiaverimus,
717 3493 870 3556 rationem
892 3496 1068 3576 poterimus
1091 3491 1263 3569 suliiicere3
1298 3490 1414 3556 deinde
1437 3494 1496 3554 du·

131 3605 159 3648 as
169 3589 292 3674 pliciter
324 3589 374 3654 vel
408 3591 475 3652 sine
504 3585 677 3652 rationibus
706 3586 756 3652 vel
786 3609 857 3651 cum
898 3589 1069 3652 rationibus
1104 3582 1331 3671 pronuntiare'3
1378 3584 1494 3650 deinde

168 3682 281 3749 afferre
303 3686 517 3761 contrarium
551 3685 599 3764 (de
625 3680 738 3768 quibus
766 3682 912 3747 omnibus
943 3683 1079 3745 diximus
1109 3684 1141 3744 in
1164 3685 1334 3745 verborum
1358 3701 1496 3746 exorna·

169 3780 307 3844 tionibus
318 3779 337 3862 ;)
372 3781 486 3844 deinde
508 3778 608 3842 simile
631 3785 663 3842 et
684 3780 862 3863 exemplum
887 3775 935 3859 lde
958 3796 1021 3863 quo
1044 3797 1101 3842 suo
1124 3776 1194 3839 loco
1217 3778 1306 3861 plura
1326 3775 1491 3860 dicemus).

168 3875 278 3938 XLIV.
303 3872 416 3938 deinde
439 3874 672 3938 conclusionem
705 3876 758 3954 (de
780 3874 894 3958 quain
916 3873 1055 3936 secundo
1083 3871 1181 3947 libro,
1219 3892 1298 3957 quae
1321 3892 1402 3957 opus
1424 3871 1494 3935 lne-

167 3976 259 4045 runt,
294 3968 430 4033 diximus
459 3972 724 4039 demonstrantes,
756 3965 1057 4050 argumentationem
1079 3964 1341 4051 quemadmodum
1365 3962 1521 4028 conclu·¹

132 4061 244 4128 tedere
274 4067 444 4146 oporteat).
505 4062 550 4147 [ln
585 4063 645 4128 boc
673 4063 754 4127 libro
784 4063 965 4136 docuimus,
1003 4061 1178 4125 cuiusmodi
1212 4068 1296 4124 esset
1327 4061 1491 4124 exornatio

237 4246 264 4297 5.
284 4247 307 4296 si
325 4261 385 4296 cum
402 4245 524 4296 ranan.
545 4271 575 4281 -
605 4246 632 4294 7.
651 4244 872 4308 pronuntiatione
890 4242 931 4291 nn
951 4248 977 4292 et
996 4253 1062 4290 corr.
1084 4242 1116 4290 Α.
1139 4266 1168 4278 -
1188 4240 1215 4290 8.
1235 4240 1382 4303 exemplum
1401 4251 1440 4299 pr.
1460 4239 1490 4300 P,

170 4317 286 4380 exemplo
304 4316 349 4367 ΑΤ
370 4323 396 4369 et
414 4330 482 4367 corr.
500 4319 531 4367 P.
547 4340 575 4351 -
596 4318 639 4366 12.
660 4315 730 4380 qnod
749 4315 785 4364 nd
800 4315 867 4362 tanc
886 4328 939 4363 rem
956 4312 1087 4361 Panna:
1109 4311 1144 4360 od
1163 4312 1230 4362 tone
1242 4326 1297 4362 rem
1309 4311 1378 4375 qnod
1390 4310 1447 4359 tn.
1459 4336 1491 4346 -

169 4387 213 4437 to.
246 4389 283 4437 stc
302 4390 376 4438 deest
394 4390 482 4446 llbrts,
510 4389 588 4438 ettam
608 4393 703 4437 nostris
731 4399 795 4441 sex:
824 4391 883 4446 post
907 4398 930 4434 v.
952 4396 1036 4431 secum
1056 4383 1203 4432 tnserultll
1231 4383 1289 4439 (sod
1318 4382 1419 4431 tactltus
1447 4395 1491 4432 ex-

171 4457 259 4509 cidere
279 4467 381 4520 poterat
401 4470 462 4510 ante
481 4462 585 4517 recum),
606 4460 646 4507 ttc
666 4457 701 4513 L:
732 4465 833 4518 poterat
854 4459 930 4504 ettam
950 4455 1064 4514 suppleri
1084 4454 1146 4501 nnec
1164 4466 1257 4503 ccccm.
1279 4479 1307 4490 -
1340 4453 1384 4500 2¹.
1405 4452 1491 4514 Quare

170 4540 247 4590 saepe
265 4528 398 4581 Orellius:
419 4532 488 4593 Quin
505 4531 567 4579 dccc
586 4529 702 4592 thnttnr
719 4541 804 4576 rernm
822 4528 943 4586 sopiens,
963 4538 1037 4586 saepe
1057 4525 1076 4574 ll
1097 4536 1155 4573 cum
1175 4525 1276 4586 aliquot
1295 4522 1379 4573 Codd.
1400 4531 1443 4579 et,
1462 4529 1491 4572 ut

171 4598 290 4658 rtdetur,
318 4602 350 4650 Α.
388 4600 441 4651 Pro
460 4603 525 4665 quta
543 4600 639 4649 babent
658 4611 739 4661 quare
759 4597 912 4659 natique,
931 4595 977 4646 sed
1003 4599 1031 4644 r'n
1048 4595 1105 4654 PF,
1125 4598 1186 4644 item
1205 4596 1236 4644 T.
1274 4594 1323 4644 Vv-
1345 4594 1431 4656 Quare
1449 4593 1490 4642 vel

170 4670 234 4732 quio
260 4671 322 4720 doec
350 4672 468 4737 loquitur
492 4685 576 4722 secum
602 4671 705 4733 raptent
729 4683 782 4721 om,
802 4667 824 4716 n
844 4674 870 4718 et
888 4667 963 4716 Letd.
983 4666 1032 4714 ΙΙΙ.
1070 4666 1117 4714 Vn.
1139 4665 1207 4727 Quin
1224 4667 1286 4715 boec
1303 4689 1315 4699 ·
1331 4688 1342 4699 ·
1359 4663 1416 4729 suge·
1435 4663 1488 4713 del.

173 4737 234 4788 Scla-
255 4764 284 4775 -
313 4741 356 4792 24.
375 4739 543 4809 cogitatione]
560 4742 751 4803 provocatione
770 4739 818 4790 PF.
839 4761 868 4772 -
897 4736 940 4788 ³3.
957 4737 1078 4798 plurimis
1095 4735 1169 4784 PFT.
1191 4758 1219 4770 -
1252 4737 1295 4785 35.
1312 4735 1490 4797 pronuntiare

171 4807 324 4861 PABFRT:
341 4817 519 4876 pronuntiare
535 4814 691 4864 sententiam
710 4811 740 4862 E.
766 4836 798 4847 -
824 4808 869 4859 dt).
888 4809 935 4863 Vr.
954 4809 987 4858 ln
1003 4809 1050 4860 noc
1067 4833 1078 4845 ·
1095 4832 1106 4844 ·
1125 4813 1162 4856 est
1181 4806 1234 4858 del.
1253 4806 1275 4856 L
1293 4811 1319 4857 et
1336 4804 1398 4855 Βοὴ.
1435 4805 1489 4858 Nos

172 4882 337 4935 accluatmua.
