3216 5400
152 219 193 287 92
650 222 704 286 DE
733 220 978 288 INVENTIONE

151 383 287 448 oratoris
319 380 423 447 officio
457 388 489 446 et
519 402 582 446 non
615 382 690 466 quid
717 402 786 458 ars,
824 379 878 446 sed
910 380 986 466 quid
1016 381 1083 468 ipse
1114 390 1240 468 posset,
1278 387 1473 467 exposuisse.

151 479 240 542 Nune
267 472 344 541 vero
375 498 413 540 ea
439 477 487 542 vis
517 485 564 541 est
593 476 625 541 in
654 474 799 547 homine,
834 485 869 540 ut
897 477 927 540 ei
955 479 1053 541 multo
1080 475 1269 543 rhetoricam
1292 481 1383 543 eitius
1405 482 1475 567 quis

152 568 320 645 ademerit,
354 592 448 659 quam
475 570 705 657 philosophiam
738 574 936 640 concesserit.
988 575 1094 655 Neque
1117 592 1154 636 eo
1183 572 1268 646 dico,
1302 577 1386 657 quod
1408 576 1475 639 eius

151 685 220 739 ars,
243 686 337 749 quam
360 665 475 741 edidit,
499 665 577 730 mihi
599 664 838 756 mendosissime
860 665 975 751 scripta
996 665 1160 744 videatur;
1193 688 1266 732 nam
1287 667 1361 731 satis
1383 668 1415 732 iu
1438 690 1475 733 ea

128 757 276 825 sudetur
297 781 338 824 ex
359 759 493 846 antiquis
514 758 633 825 artibus
655 759 818 843 ingeniose
841 768 872 824 et
894 759 1062 844 diligenter
1083 764 1197 827 electas
1224 782 1276 827 res
1304 764 1476 828 collocasse

152 863 184 919 et
204 852 347 920 nonnihil
368 855 435 940 ipse
457 875 582 941 quoque
605 855 677 920 novi
698 854 884 941 protulisse:
906 876 1015 920 verum
1038 856 1157 922 oratori
1180 856 1343 922 minimum
1366 868 1413 922 est
1435 861 1475 923 de

111 965 115 977 ·
150 956 217 1014 arte
240 947 348 1034 loqui,
371 955 456 1034 quod
478 950 528 1014 hic
549 948 638 1026 feeit;
671 948 768 1015 multo
792 949 963 1014 maximnm
986 970 1026 1015 ex
1048 959 1115 1015 arte
1138 950 1263 1028 dicere;
1296 956 1380 1034 quod
1402 973 1474 1018 curn

150 1043 279 1110 minime
302 1044 441 1127 potuisse
463 1065 573 1110 omnes
594 1043 747 1109 videmus.
791 1047 860 1110 Vll.
890 1047 920 1108 a.
953 1046 1058 1122 Quare
1080 1045 1209 1109 materia
1232 1043 1359 1130 quidem
1380 1045 1475 1112 nobis

152 1138 329 1205 rhetoricae
344 1139 470 1205 videtur
491 1161 539 1215 ea,
563 1161 654 1226 quam
671 1139 829 1205 Aristoteli
851 1140 950 1204 visam
972 1159 1040 1203 esse
1063 1139 1219 1216 diximns;
1243 1148 1348 1223 partes
1369 1149 1476 1206 autem

112 1237 233 1310 eahae,
266 1255 342 1319 quas
363 1234 507 1320 plerique
529 1234 692 1308 dixerunt,
722 1234 880 1309 inventio,
913 1233 1096 1319 dispositio,
1128 1234 1284 1308 elocutio,
1307 1235 1473 1312 memoria,

149 1328 374 1415 pronuntiatio.
416 1329 560 1395 inventio
581 1339 629 1394 est
649 1329 837 1414 excogitatio
859 1350 965 1393 rerum
988 1349 1133 1408 verarum
1155 1336 1209 1394 aut
1230 1328 1296 1393 veri
1312 1328 1473 1405 similium,

149 1443 230 1508 qnae
252 1441 377 1487 causam
402 1421 598 1509 prohabilem
629 1422 781 1501 reddant;
818 1421 984 1507 dispositio
1011 1432 1058 1487 est
1084 1444 1188 1487 rerum
1217 1423 1415 1489 inventarum
1442 1428 1475 1488 in

77 1550 79 1554 ’
149 1517 294 1583 ordinem
323 1515 520 1595 distributim
552 1515 688 1584 elocutio
715 1526 762 1583 est
789 1516 975 1583 idoneorum
1004 1515 1173 1582 verborum
1196 1525 1228 1582 et
1248 1519 1475 1584 sententiarum

149 1612 420 1678 adinventionem
442 1612 708 1687 accommodatio:
743 1612 894 1677 memoria
922 1619 968 1676 est
990 1611 1077 1676 firma
1100 1611 1194 1678 animi
1216 1631 1322 1677 rernm
1345 1633 1381 1676 ac
1403 1633 1476 1676 ver-

111 1704 261 1773 aelorum
283 1709 321 1770 ad
344 1705 555 1772 inventionem
585 1706 767 1790 perceptio;
798 1705 1012 1792 pronuntiatio
1034 1715 1142 1771 estex
1171 1727 1278 1771 rerum
1306 1716 1338 1770 ct
1358 1710 1476 1772 verbo-

148 1823 220 1868 rum
251 1799 402 1884 dignitate
430 1804 515 1864 vocis
548 1807 579 1865 et
608 1803 751 1884 corporis
781 1802 968 1866 moderatio.
1014 1804 1103 1865 Nunc
1133 1800 1181 1866 his
1208 1798 1304 1865 rebus
1336 1798 1476 1866 breviter

149 1893 342 1968 constitutis.
373 1893 601 1970 sacrationes,
634 1899 747 1979 quibus
776 1894 940 1960 ostendere
970 1894 1127 1977 possimus
1156 1916 1254 1980 genus
1281 1904 1312 1960 et
1334 1893 1476 1960 officium

149 1999 180 2057 et
201 1988 294 2054 finem
316 1989 447 2054 huiusce
470 1988 562 2064 artis.
600 1988 683 2054 aliud
713 1990 746 2054 in
768 1998 891 2073 tempus
913 1988 1106 2054 differemus.
1151 1994 1226 2054 Nam
1249 1997 1281 2054 et
1302 1989 1475 2056 multorum

148 2082 319 2151 verborum
351 2083 491 2168 indigent
521 2093 553 2149 ct
582 2104 646 2149 non
676 2093 760 2149 tanto
789 2105 886 2169 opere
907 2088 946 2148 ad
968 2083 1044 2148 artis
1067 2083 1309 2167 descriptionem
1331 2092 1362 2150 ct
1383 2105 1477 2167 prae·

111 2191 237 2265 accepta
259 2182 408 2243 tradenda
430 2178 596 2262 pertinent.
649 2182 874 2253 limantem,
909 2179 963 2263 qui
995 2186 1096 2243 artem
1128 2180 1319 2242 rhetoricam
1349 2177 1474 2251 scribat,

148 2279 189 2342 de
210 2273 331 2341 dnobus
353 2273 481 2359 reliquis
503 2273 618 2348 rebus,
641 2277 681 2338 de
704 2275 832 2338 materia
855 2272 931 2337 artis
953 2293 988 2336 ae
1011 2274 1152 2357 partibus
1167 2272 1307 2337 scribere
1324 2283 1474 2359 oportere

149 2372 376 2438 existimamus.
429 2375 473 2433 Ac
502 2368 577 2432 mihi
604 2371 731 2455 quidem
759 2368 883 2434 videtur
909 2367 1076 2434 coniuncte
1106 2364 1260 2452 agendum
1283 2365 1323 2430 de
1344 2371 1475 2432 materia

148 2487 185 2532 ac
205 2465 358 2550 partibus.
402 2465 507 2541 Quare
529 2465 687 2538 inventio,
712 2481 792 2548 quae
813 2463 961 2548 princeps
984 2471 1031 2527 est
1045 2462 1183 2534 omnium
1199 2460 1353 2545 partium,
1376 2465 1476 2546 potis·

148 2561 262 2627 simum
285 2559 318 2622 in
340 2558 426 2623 omni
448 2580 611 2624 causarum
634 2578 762 2643 genere,
786 2557 885 2642 qualis
907 2556 1020 2622 debeat
1041 2578 1130 2632 esse,
1154 2557 1380 2623 consideretur.

110 2669 139 2714 aa
232 2655 317 2721 Vlll.
358 2656 406 2718 10.
444 2655 553 2718 Omnis
585 2674 654 2727 res,
689 2673 769 2738 quae
801 2650 896 2717 habet
927 2651 958 2717 in
988 2675 1021 2717 sc
1054 2655 1185 2734 positam
1216 2655 1249 2716 in
1279 2650 1416 2717 dictione
1439 2674 1476 2719 ac

148 2751 374 2835 disceptatione
404 2749 539 2834 aliquam
574 2744 840 2822 controversiam,
876 2755 930 2811 aut
950 2745 1023 2810 facti
1045 2753 1098 2809 aut
1118 2745 1254 2811 neminis
1274 2753 1329 2810 aut
1350 2753 1475 2830 generis

147 2855 201 2912 aut
229 2843 359 2910 aetionis
381 2845 530 2909 ‘continet
561 2843 785 2929 quaestionem.
840 2844 916 2906 Eam
944 2840 1042 2925 igitur
1070 2842 1305 2926 quaestionem,
1340 2863 1380 2907 ex
1412 2865 1475 2928 qua

148 2960 240 3006 causa
262 2940 417 3013 nascitur,
451 2938 705 3003 constitutionem
735 2935 939 3022 appellamus.
986 2935 1174 3001 Constitutio
1204 2943 1251 3000 est
1279 2939 1379 3023 prima
1400 2960 1477 3004 con-

147 3035 244 3100 flictio
266 3054 429 3098 causarum
452 3053 491 3096 ex
513 3032 698 3115 depulsione
719 3030 901 3095 intentionis
922 3030 1079 3115 proiecta,
1108 3034 1169 3095 hoc
1190 3036 1302 3095 modo:
1340 3033 1472 3099 Fecisti:

111 3133 218 3194 ³⁰Non
239 3129 319 3203 ieci,
343 3137 412 3201 aut,
436 3131 508 3194 lure
530 3129 603 3194 leci.
649 3130 727 3193 Cum
749 3126 821 3192 iacti
835 3125 1050 3192 controversia
1069 3133 1130 3197 est,
1153 3128 1298 3211 queniam
1315 3128 1476 3193 coniectu-

147 3224 193 3288 ris
224 3241 317 3286 causu
349 3219 506 3298 firmatur,
544 3222 723 3287 constitutio
760 3221 978 3287 coniecturalis
1010 3219 1195 3306 appellatur.
1256 3222 1333 3287 Cum
1368 3232 1474 3289 autern

148 3315 301 3391 neminis,
337 3316 410 3402 quia
438 3320 484 3381 vis
510 3317 654 3383 vocabuli
682 3315 859 3382 delinienda
884 3315 991 3380 verbis
1014 3324 1075 3388 est,
1111 3316 1292 3382 constitutio
1314 3315 1475 3383 definitiva

32 3466 35 3471 ,
147 3411 337 3478 nominatur.
384 3413 460 3476 Cum
484 3433 580 3488 vere,
614 3412 713 3497 qualis
734 3432 786 3476 res
808 3413 866 3487 sit,
899 3410 1080 3494 quaeritur,
1116 3409 1189 3494 quia
1211 3419 1243 3476 et
1265 3410 1304 3477 de
1325 3411 1357 3477 vi
1380 3419 1412 3476 et
1434 3412 1474 3477 de

148 3488 265 3592 genade
295 3505 412 3589 negotii
442 3507 655 3573 controversia
682 3514 743 3580 est,
777 3505 958 3570 constitutio
980 3504 1135 3587 generalis
1156 3516 1295 3571 vocatur.
1341 3508 1380 3569 lt
1401 3526 1475 3572 cum

109 3617 241 3668 ascensa
270 3621 309 3664 ex
338 3620 378 3666 ee
408 3600 539 3686 pendet,
575 3600 659 3690 quod
688 3621 750 3666 non
778 3609 832 3664 aut
858 3599 884 3663 is
913 3619 1006 3683 agere
1033 3598 1173 3672 videtur,
1211 3620 1304 3684 quem
1336 3610 1474 3682 oportet,

148 3704 285 3762 autnon
308 3716 379 3760 cnm
408 3715 469 3772 eo,
505 3696 630 3781 quicum
659 3702 803 3780 oportet,
838 3703 975 3760 autnon
998 3693 1080 3779 apud
1103 3714 1199 3778 quos,
1233 3715 1295 3779 quo
1318 3704 1474 3779 tempere,

149 3812 210 3877 qua
232 3790 319 3875 tege,
343 3809 407 3875 quo
429 3790 580 3867 crimine,
603 3812 664 3878 qua
686 3810 789 3875 poena
811 3797 955 3875 oportet,
987 3787 1166 3853 translativa
1188 3787 1302 3853 dicitur
1323 3789 1475 3856 constitu-

51 3930 57 3936 -
149 3885 213 3962 tio,
246 3888 319 3969 quia
350 3883 433 3950 actio
461 3884 670 3950 translationis
699 3893 730 3949 et
757 3881 1009 3950 commutationis
1031 3881 1173 3967 indigere
1195 3882 1328 3949 videtur.
1370 3886 1474 3968 Atque

149 3983 260 4046 harum
293 3977 428 4063 aliquam
459 3978 492 4043 in
525 4000 616 4044 omne
650 3999 762 4044 causae
794 3975 1056 4063 genns'ineidere
1085 3997 1213 4042 necesse
1240 3987 1296 4046 est.
1340 3982 1419 4043 Nam
1441 3978 1474 4044 in

111 4089 248 4160 taquam
275 4094 342 4139 rem
366 4093 427 4137 non
458 4072 621 4148 inciderit,
656 4073 689 4139 in
711 4093 748 4136 ea
770 4073 847 4138 nihil
869 4092 937 4137 esse
958 4069 1076 4158 poterit
1097 4071 1352 4151 controversiae;
1375 4094 1474 4160 quare

150 4191 218 4236 eam
240 4190 280 4235 ne
302 4189 427 4234 causam
451 4167 577 4256 quidem
599 4169 742 4233 convenit
764 4169 877 4252 putari.

220 4344 245 4392 1.
275 4337 370 4408 officio]
399 4341 515 4406 artificio
534 4339 601 4389 ΡΑΤ
620 4345 647 4388 et
673 4340 816 4402 (superser.
842 4339 940 4404 officio)
968 4340 1000 4388 n.
1035 4340 1069 4389 Ut
1095 4353 1161 4398 nos,
1181 4340 1214 4390 V.
1240 4364 1269 4378 -
1298 4340 1325 4391 8.
1350 4345 1473 4394 materies

151 4415 207 4467 ΛΤ.
228 4441 257 4452 -
277 4415 304 4461 h.
325 4427 370 4471 aa.
392 4409 480 4475 qoam]
500 4414 568 4461 ortis
586 4423 667 4475 qaam
685 4409 713 4458 P.
736 4434 766 4446 -
788 4411 831 4462 lt).
854 4424 898 4460 aaa
916 4408 976 4471 ΛΤ,
1002 4411 1049 4460 hoa
1067 4419 1129 4461 rant
1148 4412 1238 4471 v‚1..
1259 4413 1352 4464 Graev.
1376 4438 1406 4449 -
1427 4415 1470 4463 12.

150 4483 190 4550 la]
208 4484 291 4548 perv
309 4486 335 4534 ln
350 4485 490 4544 explicat..
511 4495 541 4534 er
558 4493 609 4544 qna
624 4483 774 4531 asciverunt
789 4480 871 4530 Codd.
887 4480 968 4542 aliq..
989 4481 1063 4543 proh.
1080 4482 1151 4533 Oud.
1164 4507 1196 4518 -
1215 4484 1259 4536 15.
1272 4485 1321 4538 Vr.
1334 4484 1371 4532 ad
1384 4485 1473 4535 tavan-

150 4558 249 4609 ttoaam
261 4562 382 4616 suspecta
396 4552 525 4605 lumbino
539 4560 565 4604 et
579 4551 711 4614 Purgoldo
729 4564 760 4601 aa
781 4551 867 4602 deleta
886 4551 977 4601 aSch.
995 4559 1070 4603 reeta
1090 4555 1263 4614 explicatione
1281 4555 1387 4605 tirmrnt
1404 4555 1427 4604 V
1445 4562 1472 4606 et

151 4625 234 4676 lullus
253 4625 343 4674 Vlctor
362 4637 387 4685 p.
408 4625 468 4675 251.
488 4624 536 4674 lid.
558 4630 670 4672 nostrae.
700 4647 727 4659 -
762 4623 804 4672 17.
831 4628 856 4672 ct
880 4624 957 4687 finem
976 4629 1000 4672 et
1019 4623 1132 4687 officiam
1151 4623 1255 4674 PART.
1285 4625 1355 4687 (Non
1375 4624 1419 4688 V.)
1440 4652 1469 4663 -

152 4695 196 4747 ld·
215 4696 317 4745 huiusce
336 4698 402 4744 artis
421 4694 459 4743 V:
491 4694 568 4744 helas
586 4695 655 4744 ortis
673 4693 693 4743 E
712 4703 770 4741 cnm
790 4691 882 4752 llhrlr,
911 4694 961 4742 nist
982 4695 1053 4754 qnod
1072 4694 1095 4743 lt
1113 4695 1191 4743 haias
1207 4697 1305 4746 scillcet
1330 4699 1414 4756 ortis,
1444 4698 1471 4746 ln

153 4777 207 4829 qno
224 4770 344 4826 superest
361 4777 438 4817 verra
457 4764 517 4817 ieet.
539 4767 685 4827 vestigium.
702 4785 730 4797 -
749 4761 795 4811 ³3.
814 4775 855 4812 rer
873 4765 907 4812 att
926 4762 1034 4812 VPAT:
1053 4767 1087 4814 stt
1106 4778 1147 4814 rar
1165 4765 1221 4815 ΚΕ.
1237 4790 1268 4802 -
1294 4765 1338 4816 ³5.
1359 4773 1472 4817 caraea

151 4838 192 4897 lt,
211 4849 241 4886 as
260 4837 317 4886 eills
337 4836 397 4886 sch.
417 4861 451 4870 -
481 4834 524 4885 ³8.
553 4847 608 4898 qao
626 4848 664 4897 pr.
682 4833 720 4893 P,
740 4836 866 4897 quonium
884 4846 952 4883 corr.
971 4831 1006 4894 P,
1035 4836 1104 4895 qaod
1122 4835 1202 4888 ΛΒΤ.
1226 4858 1254 4870 -
1286 4837 1472 4889 translationis

152 4917 177 4963 ct
195 4907 408 4958 commutationis
424 4907 494 4958 actia
513 4905 568 4958 liri.
588 4906 648 4958 Sah-
668 4905 711 4970 (et
728 4916 794 4967 noa,
814 4909 897 4959 nostrl
917 4903 1066 4971 quattuor.)
