3232 5392
455 201 509 265 Al)
530 200 572 269 bf.
592 201 754 267 BRUTUM
782 199 817 268 d.
838 202 891 265 59.
915 202 966 266 60.
989 202 1041 266 61.
1065 200 1118 265 60.
1385 201 1449 267 tit
1565 212 1571 223 '

127 368 216 451 parte
238 362 426 437 verborum3
448 363 491 436 si,
513 361 597 425 unde
615 367 704 426 ortus
726 361 784 436 sit,
808 381 848 426 ex
869 360 992 425 aurium
1013 357 1192 444 voluptate;
1215 357 1242 422 si
1258 377 1450 444 componen-

128 460 241 524 dorum
263 453 360 530 ratio,
384 452 506 520 dicetur
524 453 587 518 ulio
609 453 699 530 loco,
724 453 797 539 quia
818 454 956 538 pertinet
973 451 1013 518 ad
1028 473 1135 528 usum,
1158 471 1239 538 quae
1254 472 1325 538 pars
1340 463 1450 539 quarta

128 560 161 617 et
182 559 322 616 extrema
343 550 435 614 nobis
455 552 488 614 in
508 545 679 613 dividendo
700 545 777 625 fuit3
815 549 860 622 si,
893 545 934 612 ad
961 567 1055 631 quam
1082 567 1150 611 rem
1174 544 1376 623 adhibeatur,
1410 549 1450 611 ed

128 645 382 720 delectationem
405 645 451 719 si,
475 640 618 727 quando,
642 661 781 727 semper;
810 640 852 717 si,
874 662 937 726 quo
959 643 1050 716 loco,
1073 639 1106 705 in
1129 649 1193 706 tota
1215 640 1450 706 continuatione

128 736 318 815 verborum;
354 736 399 814 si,
435 756 514 822 quae
543 758 594 800 res
616 733 730 800 efficiat
752 733 962 819 voluptatem,
996 737 1107 800 eadem
1129 756 1209 819 quae
1231 737 1264 801 iu
1286 735 1473 811 versinus..

128 851 264 917 quornm
286 834 415 896 modum
436 838 524 895 notat
550 850 619 906 ars,
657 831 713 894 sed
741 849 835 895 aures
855 828 945 914 ipsae
965 831 1062 896 tacito
1084 850 1156 896 eum
1178 850 1275 898 sensu
1295 832 1363 896 sine
1384 838 1451 894 arte

127 925 289 994 definiunt.

210 1020 293 1086 th.
317 1021 390 1084 001.
426 1020 507 1083 Satis
528 1015 626 1083 multa
646 1015 687 1082 de
707 1024 837 1085 nature:
864 1016 1007 1105 sequitur
1027 1038 1121 1095 usus,
1145 1021 1185 1083 de
1206 1038 1270 1105 quo
1293 1025 1341 1085 est
1361 1039 1453 1084 accu-

126 1116 224 1182 ratius
245 1110 478 1199 disputandum.
522 1112 559 1174 ln
581 1129 645 1197 quo
667 1111 842 1196 quaesitum
863 1121 929 1189 est,
961 1113 994 1176 in
1021 1119 1129 1177 totone
1151 1110 1283 1178 circuitu
1303 1111 1359 1177 illo
1382 1132 1453 1179 ora-

127 1211 236 1284 tionis,
269 1228 363 1295 quem
393 1204 503 1271 Graeci
534 1210 702 1290 περίοδον,
737 1226 797 1272 nos
826 1215 892 1271 tum
920 1204 1072 1272 ambitum
1101 1213 1168 1271 tum
1196 1206 1363 1273 circuitum
1385 1215 1489 1280 tum„

127 1301 438 1392 comprehensionem
460 1306 514 1365 aut
536 1298 803 1366 continuationem
826 1309 880 1366 aut
900 1298 1221 1383 circumscriptionem
1240 1300 1389 1379 dicimus,
1412 1322 1452 1367 an

126 1403 161 1466 in
182 1396 343 1486 principiis
364 1397 486 1471 solnm,
513 1415 553 1459 an
566 1393 600 1459 iu
615 1397 781 1470 extremis,
804 1394 891 1460 auin
908 1404 1041 1480 utraque
1063 1403 1151 1479 parte
1174 1415 1323 1460 numerus
1343 1403 1453 1462 tenen-

128 1494 188 1561 dus
208 1492 267 1570 sit;
305 1488 418 1556 deinde
448 1509 519 1553 cum
546 1485 631 1552 aliud
659 1487 804 1554 rideatur
831 1510 901 1555 esse
928 1509 1094 1563 numerus,
1127 1486 1212 1553 aliud
1233 1510 1452 1564 numerosum,

129 1589 204 1675 quid
227 1585 360 1652 intersit.
405 1586 479 1649 005.
511 1586 589 1648 Tum
612 1591 716 1647 sutem
739 1582 772 1647 in
794 1583 982 1649 omnibusne
1004 1584 1143 1648 numeris
1164 1582 1336 1666 aequaliter
1357 1585 1454 1671 parti-

128 1684 214 1750 culas
235 1686 346 1748 deceat
367 1675 525 1753 incidere,
554 1696 596 1740 an
616 1676 721 1743 facere
744 1675 820 1742 alias
841 1674 1022 1750 breviores,
1052 1675 1127 1741 alias
1148 1675 1325 1760 longiores,
1357 1677 1489 1766 idque„

129 1782 254 1864 quando
284 1784 339 1841 661
367 1794 425 1839 cur
454 1773 630 1857 quibusque
651 1768 808 1857 partibus;
840 1769 1027 1854 pluribusne
1048 1791 1089 1835 an
1113 1770 1258 1856 singulis,
1280 1773 1453 1858 imparibus

128 1892 170 1936 an
191 1868 390 1957 aequalibus;
420 1875 451 1932 et
472 1866 597 1953 quando
618 1866 759 1930 antistis
781 1870 835 1928 aut
854 1864 917 1930 illis
937 1865 978 1932 sit
999 1867 1165 1943 utendum;
1196 1886 1342 1952 quaeque
1370 1867 1455 1934 inter

128 1987 163 2032 se
185 1963 343 2050 aptissime
365 1960 557 2028 collocentur
578 1966 611 2025 et
630 1961 810 2044 quomodo,
833 1980 875 2024 an
896 1961 1026 2024 omnino
1048 1957 1133 2024 nulla
1152 1961 1194 2024 sit
1214 1958 1249 2025 in
1271 1982 1309 2026 eo
1333 1981 1449 2047 genere

130 2058 304 2137 distinctim
327 2058 474 2142 quodque
496 2053 536 2120 ad
558 2074 625 2119 rem
648 2053 784 2119 maxime
805 2052 957 2139 pertinet,
982 2074 1044 2139 qua
1063 2052 1188 2119 ratione
1209 2075 1378 2120 numerosa
1398 2054 1452 2120 fiat

131 2155 244 2219 oratio.
288 2155 362 2216 006.
397 2146 626 2232 Explicandum
656 2149 749 2213 etiam
779 2156 844 2224 est,
878 2150 962 2214 unde
988 2157 1058 2213 orta
1079 2150 1120 2213 sit
1139 2146 1243 2214 forma
1264 2153 1492 2228 verborumne

130 2247 377 2333 dicendumque,
411 2251 544 2330 quantos
572 2241 722 2307 circuitus
747 2239 852 2307 facere
873 2245 1000 2319 deceat,
1035 2245 1138 2330 deque
1161 2264 1272 2309 eorum
1293 2245 1454 2331 particulis

130 2351 163 2409 et
189 2350 346 2425 tamquam
372 2335 577 2402 incisionibus
602 2334 818 2401 disserendum
848 2344 897 2400 est
923 2341 1224 2422 quaerendumque,
1261 2346 1366 2404 utrum
1392 2362 1456 2406 uua

129 2436 252 2522 species
274 2443 312 2501 et·
326 2429 488 2517 longitudo
511 2430 551 2495 sit
572 2450 696 2504 earum,
719 2450 799 2494 anne
820 2427 946 2513 plures,
971 2438 1018 2505 et,
1042 2429 1068 2497 si
1089 2432 1213 2517 plures,
1237 2453 1301 2517 quo
1315 2433 1386 2499 loco
1402 2442 1456 2499 aut

130 2533 256 2619 quando
286 2547 414 2616 quoque
443 2545 561 2609 genere
593 2523 639 2589 uti
666 2530 819 2608 oporteat.
863 2527 1028 2591 Postremo
1056 2524 1153 2591 totius
1182 2526 1307 2610 generis
1336 2527 1454 2594 utilitas

131 2622 317 2712 explicanda
337 2627 405 2697 est,
440 2638 521 2706 qnae
541 2617 669 2704 quidem
690 2625 775 2704 patet
794 2616 905 2698 latins3
938 2640 1003 2685 non
1025 2621 1066 2685 ad
1087 2641 1181 2686 unam
1204 2621 1288 2687 enim
1308 2642 1379 2688 rem
1398 2622 1493 2694 ali-ss

131 2740 225 2808 quam
247 2713 367 2785 sedati
385 2712 492 2800 plures
512 2710 776 2779 accommodatur.

215 2816 290 2880 007.
312 2813 359 2877 hc
378 2807 452 2875 licet
467 2827 532 2873 non
551 2806 592 2874 ad
613 2805 750 2893 singulas
771 2826 822 2871 res
842 2806 1089 2892 respondentem
1109 2811 1150 2875 de
1170 2811 1318 2879 universo
1340 2834 1456 2899 genere

130 2907 177 2976 sic
202 2910 327 2984 dicere,
364 2911 400 2972 nt
430 2904 525 2970 etiam
552 2901 682 2986 singulis
710 2899 785 2967 satis
813 2923 1001 2986 responsum
1022 2925 1092 2970 esse
1115 2903 1271 2978 videatur.
1314 2909 1455 2978 Remotis

129 3002 227 3088 igitur
254 3000 385 3087 reliquis
414 2995 582 3083 generibus
609 3017 705 3062 unum
727 2996 896 3083 selegimus
917 3000 998 3076 hoc,
1036 3001 1123 3086 quod
1143 3001 1176 3065 in
1199 3002 1300 3068 causis
1320 3004 1456 3091 foroque

129 3104 293 3174 venatur,
316 3095 356 3161 de
378 3113 442 3180 quo
465 3090 653 3158 diceremus.
696 3095 781 3176 Ergo
803 3093 836 3158 in
857 3091 945 3170 aliis,
967 3093 1079 3171 idest,
1100 3096 1134 3160 in
1148 3094 1281 3162 historia
1301 3106 1333 3163 et
1353 3100 1386 3164 in
1401 3120 1494 3176 eom

130 3194 218 3280 qnod
239 3188 431 3278 appellamus
452 3185 683 3261 ἐπιδεικτικόν,
704 3185 807 3273 placet
828 3189 935 3253 omnia
956 3187 1018 3255 dici
1040 3189 1200 3256 isocrateo
1215 3193 1457 3279 Theopompeo-

131 3306 194 3373 que
214 3305 322 3361 more,
343 3285 398 3348 illa
419 3283 708 3367 circumscriptione
729 3279 928 3368 ambituque,
950 3291 987 3351 ut
1000 3291 1159 3370 tamquam
1181 3284 1214 3350 in
1235 3288 1314 3351 orbe
1335 3286 1458 3363 inclusa

131 3389 237 3449 currat
258 3379 377 3456 oratio,
400 3378 504 3464 quoad
525 3374 648 3442 insistat
668 3375 702 3440 in
723 3375 854 3460 singulis
874 3373 1024 3460 perfectis
1045 3378 1260 3468 absolutisque
1281 3385 1455 3454 sententiis.

130 3480 206 3542 000.
241 3477 351 3562 ltaque
378 3478 582 3559 posteaquam
610 3478 657 3536 est
685 3477 758 3536 nata
784 3473 864 3538 haec
891 3471 943 3539 vel
964 3475 1215 3560 circumscriptio
1238 3475 1288 3541 vel
1309 3497 1457 3561 compre-

131 3569 242 3636 hensio
264 3570 316 3635 vel
337 3566 529 3634 continuatio
551 3563 602 3631 vel
624 3566 778 3642 ambitus,
801 3569 829 3631 si
842 3565 886 3631 ita
904 3567 981 3633 licet
1001 3568 1124 3646 dicere,
1146 3589 1257 3645 nemo,
1280 3573 1333 3658 qui
1349 3572 1494 3658 aliquorr

132 3675 215 3730 esset
236 3666 439 3736 innumero,
462 3662 586 3746 scripsit
607 3661 782 3726 orationem
802 3659 928 3746 generis
950 3663 1035 3739 eius,
1056 3665 1142 3748 qnod
1163 3673 1247 3730 esset
1267 3665 1457 3733 6611616616-

131 3763 249 3826 tionem
272 3766 487 3844 comparatum
514 3764 733 3839 remotumque
759 3754 921 3820 aiudiciis
949 3754 1130 3845 forensique
1158 3764 1344 3836 certamine,
1382 3763 1458 3849 quin

132 3856 289 3939 redigeret
319 3871 429 3916 omnes
458 3851 526 3914 fere
556 3846 589 3913 in
618 3851 772 3935 quadrum
800 3870 1030 3936 numerumque
1057 3855 1239 3918 sententias.
1285 3857 1457 3922 Nemeum

132 3951 160 4014 is
182 3957 231 4015 est
252 3945 389 4020 auditor,
426 3944 481 4028 qui
510 3962 574 4007 non
603 3950 767 4018 vereatur,
801 3964 843 4008 ne
869 3944 1062 4030 compositae
1085 3945 1236 4012 orationis
1257 3949 1379 4014 insidiis
1400 3972 1458 4016 sua

132 4041 210 4109 fides
232 4048 416 4116 attentetur,
440 4036 572 4122 gratiam
594 4058 721 4123 quoque
743 4038 839 4104 habet
853 4038 972 4104 oratori
987 4038 1139 4123 voluptati
1154 4042 1277 4106 aurium
1293 4042 1496 4117 servientiun

131 4139 230 4204 nxtt.
253 4137 327 4200 009.
354 4137 459 4198 Genus
481 4142 586 4197 autem
608 4135 668 4196 boc
689 4135 841 4199 orationis
861 4153 964 4220 neque
985 4141 1084 4199 totum
1106 4139 1329 4201 assumendum
1349 4145 1398 4203 est
1418 4140 1458 4203 ad

133 4251 243 4297 causas
271 4231 414 4294 forenses
442 4248 544 4313 neque
575 4224 703 4292 omnino
734 4229 984 4313 repudiandum3
1022 4233 1049 4295 si
1077 4233 1163 4296 enim
1191 4252 1317 4316 semper
1348 4241 1457 4310 utare,

135 4347 206 4392 cum
227 4324 402 4390 satietatem
424 4320 535 4399 affert,
558 4328 623 4386 tum
639 4321 731 4407 quale
746 4323 787 4388 sit
809 4325 904 4390 etiam
925 4327 964 4389 ab
986 4326 1140 4412 imperitis
1162 4329 1352 4412 agnoscitur.
1397 4331 1460 4393 De-

135 4418 229 4486 trahit
249 4426 411 4505 practerea
432 4415 565 4481 actionis
587 4414 748 4496 dolorem,
769 4418 874 4486 aufert
893 4423 1064 4486 humanum
1078 4441 1206 4487 sensum
1220 4422 1355 4501 actoris,
1378 4423 1460 4491 tollit

134 4512 274 4582 funditus
296 4514 459 4580 veritatem
482 4519 515 4575 61
535 4508 640 4576 iidem.
1466 4543 1496 4588 ts

206 4731 233 4782 d.
251 4741 308 4780 noc
325 4731 402 4779 notat
420 4739 480 4778 curn
501 4724 617 4777 Victorto
636 4725 666 4777 V.
684 4725 716 4776 l..
736 4726 789 4787 10,
807 4727 833 4778 d.
853 4727 953 4794 Meyer.
973 4753 1003 4767 -
1024 4727 1067 4779 14.
1082 4727 1259 4792 aequabiliter
1276 4730 1414 4783 Manutius
1432 4736 1459 4785 61

139 4797 232 4854 hamb.
245 4800 310 4858 (Cir.
324 4798 352 4861 6.
368 4797 441 4865 tae.)
455 4822 483 4836 -
496 4799 539 4847 00.
555 4805 592 4848 est
605 4811 656 4848 orn.
668 4797 692 4848 lt
704 4804 730 4848 61
743 4812 793 4863 urg.
806 4799 1016 4862 6666161661.
1033 4822 1060 4835 -
1076 4802 1119 4852 27.
1130 4800 1165 4849 ,11
1176 4801 1270 4851 Bresd.
1286 4802 1338 4855 Gu.
1352 4804 1413 4853 1.0.
1426 4827 1457 4840 -

142 4881 233 4927 tomen
251 4871 429 4937 amerosius.
443 4869 515 4922 sotus
527 4872 596 4923 tuter
608 4870 694 4921 adhuc
704 4876 792 4922 notos.
807 4893 839 4908 -
856 4871 902 4925 tr.
915 4877 952 4922 661
964 4884 1017 4922 om.
1031 4870 1110 4922 6.-
1127 4870 1172 4923 ts.
1185 4868 1261 4936 offert
1274 4872 1337 4925 ltrn.
1351 4884 1459 4937 operae.
