3232 5392
495 217 550 285 ao
571 217 614 285 u.
639 217 803 295 samon
829 219 864 286 c.
887 219 919 286 e.
943 189 974 287 c'.
996 219 1026 285 r.
1049 219 1083 286 a.
1391 221 1454 287 cor

128 382 298 457 excellens,
320 384 483 467 utriusque
506 378 678 465 particeps,
700 379 751 445 rel
771 378 950 468 utriusque,
981 383 1007 446 si
1029 399 1140 446 verum
1163 380 1363 466 quaerimus,
1396 399 1454 465 po-

126 479 188 545 tius
209 496 332 562 expers.
375 476 467 560 Isque
489 495 553 539 uno
576 482 702 546 tenore,
724 480 759 539 ut
780 473 886 553 aiunt,
913 477 946 540 in
968 473 1102 541 dicendo
1123 472 1195 539 fluit
1215 473 1295 539 nibil
1317 472 1454 539 aderens

125 580 252 657 praeter
282 568 463 634 facilitatem
492 575 522 634 et
548 567 821 655 aequabilitatem,
855 576 909 636 aut
940 568 1027 635 addit
1056 569 1179 655 aliquos
1208 575 1243 632 ui
1268 570 1302 634 iu
1334 589 1454 635 corona

125 676 214 733 toros
237 682 424 750 omnemque
446 663 621 728 orationem
648 664 842 728 ornamentis
864 663 998 729 modicis
1020 662 1192 730 verborum
1214 662 1456 729 sententiarum·

127 782 189 847 que
211 756 382 842 distinguit
424 760 475 824 20.
509 758 632 823 Horum
661 755 856 842 singulorum
878 778 1029 842 generum
1051 760 1229 845 quicunque
1251 757 1315 822 vim
1337 757 1370 822 iu
1392 758 1478 825 sin-s

127 855 207 942 gulis
239 854 398 919 consecuti
431 856 519 928 sunl,
557 871 706 934 maguum
734 853 767 916 iu
798 854 978 917 oratoribus
1009 872 1126 920 nomen
1157 850 1347 919 habueruut.
1392 852 1457 917 Sed

126 952 340 1042 quaerendum
362 955 427 1024 est,
451 948 565 1012 satisne
587 944 620 1010 id
642 943 729 1031 quod
750 945 895 1012 volumus
918 946 1093 1014 effecerint.

210 1047 280 1112 v11.
314 1038 464 1109 Videmus
486 1039 570 1106 enim
591 1038 689 1105 fuisse
712 1039 881 1126 quosdam,
916 1044 970 1127 qui
993 1042 1088 1109 iidem
1110 1047 1218 1108 ornate
1240 1061 1277 1107 aa
1299 1043 1456 1125 graviter,
1567 1073 1573 1098 ι

126 1142 224 1209 iidem
245 1144 374 1205 versute
396 1143 428 1200 et
449 1136 608 1200 subtiliter
628 1136 780 1201 dicerent.
824 1139 927 1222 Atque
958 1136 1077 1202 utinam
1099 1136 1132 1202 in
1152 1135 1271 1202 Latinis
1293 1135 1364 1200 talis
1387 1156 1458 1201 ora·

125 1239 203 1303 toris
217 1235 418 1300 simulacrum
433 1228 574 1315 reperire
591 1231 771 1314 possemusl
794 1231 886 1295 Esset
898 1229 1061 1315 egregium
1076 1251 1140 1296 nou
1151 1250 1305 1316 quaerere
1316 1237 1488 1309 externam

126 1327 307 1396 domesticis
329 1345 399 1391 esse
421 1331 598 1389 contentos.
644 1327 696 1389 23.
729 1327 792 1390 Sed
814 1343 874 1409 ego
895 1323 998 1403 idem,
1022 1328 1077 1410 qui
1099 1325 1133 1390 in
1153 1324 1209 1391 illo
1230 1346 1378 1391 sermone
1400 1347 1458 1392 no-

126 1434 210 1500 stro,
234 1419 358 1508 quiesi
380 1417 539 1504 expositus
561 1417 593 1482 in
614 1422 730 1495 Bruto,
753 1418 885 1484 multum
908 1418 1077 1485 tribuerim
1097 1419 1233 1496 Latinis,
1255 1418 1306 1485 vel
1327 1426 1362 1484 ut
1381 1421 1457 1484 har·

127 1529 211 1584 iarer
231 1516 311 1582 alios
331 1513 382 1580 vel
403 1516 488 1599 quod
510 1531 650 1577 amarem
672 1532 777 1589 meos,
799 1512 955 1580 recordor
974 1513 1069 1600 louge
1083 1513 1229 1580 omnihus
1251 1534 1348 1580 unum
1370 1522 1458 1578 aute·

125 1615 212 1679 ferre
238 1610 504 1682 Demosthenem,
542 1606 598 1692 qui
625 1608 689 1673 vim
718 1607 964 1674 accommodarit
992 1612 1032 1675 ad
1060 1628 1147 1685 eam,
1185 1629 1279 1696 quum
1307 1611 1458 1685 sentiam,

126 1707 356 1793 eloquentiam,
390 1723 453 1767 nou
475 1703 515 1766 ad
536 1721 621 1776 eam,
651 1720 744 1787 quam
766 1704 800 1766 in
821 1702 929 1788 aliquo
949 1703 1020 1789 ipse
1042 1703 1257 1789 cognoverim.
1305 1707 1374 1769 Hoc
1395 1724 1495 1771 neces

126 1801 254 1887 gravior
275 1799 395 1866 exstitit
417 1793 583 1882 quisquam
612 1816 671 1860 uec
699 1795 843 1861 callidior
873 1817 934 1863 uec
963 1800 1180 1884 temperatior.
1224 1800 1334 1883 Itaque
1362 1800 1456 1863 nobis

125 1892 275 1962 monendi
304 1899 376 1958 sunt
403 1892 445 1968 ii,
484 1910 619 1976 quorum
647 1909 753 1957 sermo
777 1890 941 1978 imperitus
969 1891 1145 1968 increbuit,
1183 1894 1237 1978 qui
1263 1899 1317 1958 aut
1338 1892 1401 1959 dici
1422 1911 1457 1958 se

127 1990 304 2056 desiderant
324 1988 444 2052 Atticos
464 1992 519 2049 aut
540 1987 599 2071 ipsi
618 1985 724 2051 Attice
752 1988 864 2050 volunt
891 1985 1015 2062 dicere,
1051 1994 1087 2052 ut
1108 1987 1264 2052 mirentur
1285 1986 1368 2053 huuc
1389 2008 1457 2053 ma-

127 2087 229 2161 xima,
264 2102 327 2169 quo
352 2102 394 2145 ne
423 2081 562 2145 Athenas
590 2075 718 2164 quidem
740 2081 824 2166 ipsas
845 2082 946 2166 magis
969 2078 1064 2148 credo
1086 2078 1185 2146 luisse
1205 2082 1343 2159 Atticam
1379 2079 1456 2166 quid

127 2178 209 2245 enim
231 2179 272 2243 sit
292 2177 447 2251 Atticum,
477 2172 598 2240 discant
619 2173 895 2262 eloquentiamque
916 2173 1015 2261 ipsius
1037 2172 1175 2251 viribus,
1205 2195 1272 2239 nou
1292 2173 1496 2242 imbecilli-ee

127 2280 189 2338 iate
211 2293 269 2337 sua
289 2269 469 2335 metiantur.
513 2270 567 2334 at.
590 2270 680 2333 Nune
702 2270 786 2334 enim
807 2278 930 2335 tantum
952 2269 1086 2355 quisque
1108 2267 1234 2345 laudat,
1258 2276 1409 2354 quantum
1422 2289 1458 2335 se

126 2386 220 2453 posse
241 2372 348 2448 sperat
369 2361 495 2428 imitari.
538 2360 602 2428 Sed
622 2371 727 2428 tamma
749 2383 806 2430 eos
826 2362 929 2429 studio
948 2361 1085 2450 optimo,
1110 2361 1229 2428 iudicio
1244 2364 1349 2428 minus
1364 2360 1456 2429 firmo

126 2459 285 2548 praeditos
305 2460 436 2531 docere,
459 2475 540 2541 quae
561 2457 602 2520 sit
622 2459 752 2542 propria
773 2460 843 2523 laus
863 2460 1058 2534 Atticorum,
1084 2477 1148 2523 uon
1170 2459 1308 2523 ahenum
1330 2466 1420 2543 puto.

212 2556 293 2621 VllL
324 2555 454 2637 Semper
475 2557 637 2615 oratorum
660 2551 860 2635 eloquentiae
883 2551 1078 2617 moderatrix
1098 2549 1159 2616 fuit
1179 2549 1359 2618 auditorum
1381 2573 1456 2638 pru-

127 2647 241 2715 dentia.
285 2649 401 2712 Omnes
423 2643 526 2721 enim,
551 2645 605 2729 qui
623 2643 753 2728 probari
766 2644 896 2722 volunt,
920 2644 1112 2711 voluntatem
1128 2664 1240 2711 eorum
1255 2646 1310 2733 qui
1325 2647 1494 2715 audiuntec

126 2744 289 2811 intuentur
313 2738 353 2808 ad
380 2760 513 2824 eamque
542 2748 574 2803 et
603 2742 642 2803 ad
664 2758 775 2804 eorum
796 2738 962 2806 arbitrium
985 2746 1017 2804 et
1037 2747 1149 2804 uutu‘m
1170 2746 1256 2805 totos
1277 2762 1311 2806 se
1333 2739 1456 2825 fingunt

128 2849 159 2906 et
180 2837 429 2904 accommodant.
472 2837 525 2897 25.
557 2835 667 2918 ltaque
691 2834 782 2900 Caria
804 2841 836 2899 et
855 2832 990 2919 Phrygia
1012 2841 1044 2898 et
1062 2832 1181 2922 biysia,
1219 2839 1304 2919 quod
1326 2836 1457 2902 minime

126 2934 242 3022 politae
265 2930 456 3014 minimeque
479 2928 639 3012 elegantes
661 2936 753 3004 sunt,
776 2928 953 2994 asciverunt
966 2935 1074 3013 aptum
1088 2931 1154 2994 suis
1168 2930 1297 2994 auribus
1312 2928 1456 3013 opimum

127 3030 286 3115 quoddam
309 3031 340 3089 et
362 3030 520 3105 tamquam
541 3019 686 3104 adipatae
709 3018 857 3088 dictionis
878 3043 994 3108 genus,
1031 3025 1117 3108 quod
1143 3043 1252 3088 eorum
1274 3024 1368 3088 ricini
1389 3045 1455 3091 nou

127 3121 170 3188 ita
196 3123 259 3186 lato
286 3115 452 3184 interiecto
478 3116 557 3179 mari
584 3112 699 3180 Rhodii
728 3137 888 3202 nunquam
919 3114 1147 3204 probaverunt,
1184 3118 1316 3184 Graecia
1349 3125 1492 3185 autemst

127 3212 369 3287 multominus,
391 3211 596 3277 Athenienses
617 3230 695 3274 vera
717 3207 856 3276 funditus
876 3210 1139 3298 repudiaverunt3
1173 3234 1308 3299 quorum
1330 3233 1456 3300 semper

127 3310 189 3374 fuit
214 3309 353 3394 prudens
382 3304 601 3389 sincerumque
630 3302 798 3381 iudicium,
832 3303 912 3370 nihil
940 3312 974 3371 ut
1000 3315 1131 3391 possent
1151 3307 1213 3373 nisi
1234 3309 1455 3393 incorruptum

128 3402 237 3469 audire
251 3411 283 3468 et
298 3401 435 3486 elegans.
477 3401 599 3463 Eorum
620 3397 767 3482 religioni
788 3418 859 3464 cum
881 3400 1017 3468 serviret
1035 3409 1163 3480 orator,
1187 3400 1307 3467 nullum
1322 3404 1456 3469 verbum

128 3497 282 3574 insolens,
305 3497 425 3563 nullum
447 3497 591 3560 odiosum
614 3514 733 3578 ponere
755 3492 902 3561 audebat.
947 3500 1000 3562 26.
1024 3498 1133 3583 Itaque
1154 3497 1225 3573 bic,
1250 3518 1344 3581 quem
1364 3517 1455 3583 prae-

128 3593 244 3658 stitisse
271 3594 408 3657 diximus
437 3591 566 3666 ceteris,
601 3588 633 3655 iu
662 3588 715 3656 illa
742 3610 803 3673 pro
826 3591 1030 3677 Ctesiphonte
1052 3593 1195 3658 oratione
1217 3593 1311 3676 louge
1334 3593 1491 3675 optimam

129 3685 323 3753 summissius
343 3708 362 3751 a
383 3686 505 3770 primo,
539 3683 669 3761 deinde,
704 3687 779 3749 dum
801 3688 841 3751 de
864 3684 988 3770 legibus
1009 3688 1161 3772 disputat,
1194 3688 1350 3773 pressius,
1382 3694 1455 3773 post

128 3784 245 3848 sensim
266 3784 437 3847 incendens
458 3781 597 3857 iudices,
620 3788 656 3846 ut
676 3781 756 3846 vidit
776 3783 939 3858 ardentes,
963 3780 996 3846 in
1017 3780 1147 3869 reliquis
1169 3780 1338 3848 exsultavit
1358 3785 1454 3848 auda·

197 3966 224 4017 1.
244 3963 302 4032 ituit
320 3965 349 4013 im
366 3963 476 4014 dicendo
495 3963 570 4013 Eius.
590 3988 620 4000 -
654 3960 681 4011 ³.
700 3960 853 4024 facultatem
871 3975 929 4015 cum
948 3962 1023 4015 libris
1041 3961 1086 4018 11.
1106 3962 1199 4015 bamb.
1220 3963 1340 4015 Correxit
1356 3963 1453 4015 Dauu-

130 4037 191 4086 tlue.
214 4062 244 4075 -
265 4034 453 4098 aequalitatem
466 4034 498 4083 11.
513 4057 548 4068 -
565 4032 592 4083 5.
610 4033 663 4083 edm
680 4034 709 4083 ia
725 4032 841 4096 eloquiis
857 4032 928 4094 vti..
946 4032 987 4084 u:
1006 4035 1060 4084 cim
1073 4031 1206 4100 [singuiis]
1221 4034 1262 4096 11,
1281 4035 1334 4084 cim
1352 4034 1453 4101 mapali

131 4119 190 4158 cum
212 4105 278 4156 God.
300 4105 418 4156 Dcrrom.
438 4104 586 4157 Manutius.
606 4126 639 4139 -
657 4102 683 4154 0.
704 4109 729 4154 et
748 4105 866 4166 praelier
883 4103 945 4154 Vei.
961 4103 1026 4154 God·
1047 4104 1140 4156 hamb.
1160 4105 1205 4170 (Gt
1217 4117 1281 4164 noe,
1300 4106 1384 4163 Dias..
1404 4101 1451 4165 11.)

130 4179 175 4227 10.
195 4176 310 4240 ceperim
328 4175 361 4225 11.
391 4199 422 4212 -
455 4176 498 4225 tt.
518 4173 725 4230 Demosthenem,
753 4174 801 4239 qai
816 4175 870 4224 cim
887 4172 1103 4238 accommodarit]
1128 4176 1163 4228 D.
1181 4177 1235 4225 cim
1252 4176 1453 4229 accommodare

129 4248 223 4307 ltine,
251 4246 286 4297 D.
312 4260 388 4311 quem
411 4246 465 4295 cim
482 4244 681 4296 accoeemcdare
700 4245 746 4295 Dr.
768 4243 819 4294 Gu.
838 4246 864 4294 1.
883 4245 930 4304 2..
957 4246 991 4297 D.
1011 4259 1143 4310 unamque
1159 4246 1360 4297 accommodare
1383 4246 1450 4300 Vit..

129 4319 225 4377 Peter,
243 4322 301 4370 siue
321 4330 421 4375 eeueu;
447 4317 483 4366 D.
502 4326 637 4380 unamque
659 4314 872 4374 accommodare,
890 4317 936 4381 qui
952 4317 1007 4365 aim
1024 4317 1232 4370 accommodaret
1251 4317 1311 4381 (sie)
1329 4316 1368 4376 ii,
1399 4330 1452 4381 qua

130 4403 162 4442 er
180 4388 239 4440 lect.
254 4395 341 4440 nostre
356 4389 528 4441 videturesse
547 4391 676 4438 correcte.
689 4411 725 4424 -
744 4384 787 4436 10.
807 4387 996 4448 temperantior
1009 4387 1100 4447 Eine..
1119 4386 1193 4439 Mon.
1213 4387 1258 4451 (Gt
1269 4399 1337 4446 nce,
1357 4388 1405 4445 11.)
1417 4409 1453 4423 -·

131 4472 183 4510 om.
202 4461 277 4510 actis
295 4459 328 4510 R.
348 4483 380 4496 -
400 4459 443 4510 17.
462 4458 606 4510 increbruit
625 4458 658 4508 11.
689 4481 724 4493 -
753 4455 796 4507 10.
815 4471 847 4508 ae
864 4468 918 4509 cm.
936 4456 1009 4508 ltine.
1029 4458 1076 4508 Dr.
1097 4455 1149 4508 Gu.
1170 4461 1196 4509 1.
1215 4459 1242 4510 0.
1261 4456 1321 4523 (pso
1338 4457 1454 4509 Athenae

130 4529 235 4593 quidem
251 4533 324 4591 e'peae
341 4542 396 4580 aaa
414 4530 492 4581 creda
510 4529 579 4582 vu..
599 4524 648 4590 a.)
668 4551 701 4565 -
723 4527 768 4578 00.
788 4525 860 4577 tiliae
880 4527 952 4578 Dine.
973 4550 1006 4562 -
1030 4529 1074 4578 29.
1096 4527 1203 4591 adipate
1220 4529 1279 4580 iibri
1299 4531 1354 4578 uoti
1375 4537 1401 4580 et
1418 4528 1452 4579 R.

129 4602 258 4653 hirsutum
272 4606 311 4650 eet
323 4613 353 4652 er
367 4600 452 4652 Nouio
465 4603 492 4650 iu
505 4614 530 4650 r.
545 4601 696 4664 adipatum.
710 4621 742 4634 -
754 4595 799 4647 ³0.
814 4597 927 4649 Graecia
935 4597 1020 4656 blus,
1034 4598 1082 4650 Dr·
1094 4597 1145 4649 Gu.
1155 4601 1181 4648 1.
1192 4599 1219 4650 0.
1234 4603 1313 4660 (teste
1325 4598 1449 4657 Peterolc

131 4669 227 4721 Graem
250 4670 322 4729 vit,
350 4671 405 4722 1111.
432 4694 464 4709 -
491 4675 579 4720 autem
604 4672 684 4719 testie
703 4669 792 4719 omisit
809 4668 956 4729 Gruterus,
984 4681 1063 4732 quem
1089 4675 1197 4721 secutus
1215 4677 1255 4723 est
1274 4670 1307 4721 B·
1345 4670 1453 4722 liabent

131 4741 190 4792 iibri
209 4744 264 4792 nott
284 4748 312 4793 et
329 4741 361 4792 11.
392 4767 421 4780 -
450 4737 495 4789 ³³.
515 4747 538 4790 et
557 4741 660 4803 chaam
678 4740 772 4790 audire
790 4738 865 4791 Dius.
893 4765 926 4777 -
953 4736 996 4790 30.
1016 4741 1180 4791 commiretur
1199 4740 1257 4792 libri
1277 4748 1303 4792 et
1320 4741 1359 4794 ae
1384 4753 1453 4791 eum·

130 4815 224 4863 murm
241 4811 364 4863 Lambini
383 4823 494 4874 operae,
513 4811 577 4861 ltru.
597 4812 667 4862 ccci.
688 4835 717 4848 -
734 4811 851 4871 pressius
869 4809 929 4861 iibri
948 4814 976 4863 et
992 4808 1035 4860 lte
1058 4824 1163 4874 pressae
1181 4811 1245 4865 lira.
1264 4813 1334 4866 caui.
1352 4836 1389 4849 -
1405 4810 1452 4867 81.

131 4883 268 4937 mandem
287 4881 339 4939 Gu.
358 4883 385 4936 1.
403 4881 499 4946 idom,
515 4880 558 4935 lte
577 4880 714 4935 mimam·
731 4880 828 4946 uun,
844 4879 965 4936 incedere
984 4893 1045 4936 eum
1064 4885 1158 4938 ceteris
1176 4882 1209 4936 11.
