3232 5392
520 958 593 1038 Μ.
619 956 856 1039 {summu
889 956 1247 1038 CICERONIS

848 1174 902 1238 DE

261 1375 681 1492 chalus
739 1369 1497 1489 onamolrnws

775 1637 978 1703 LIBER

682 1837 785 1923 QUI
813 1834 1070 1906 nielson

621 1997 1129 2126 nunnus

214 2586 241 2649 1.
268 2587 296 2649 1.
319 2559 415 2651 Cum
433 2599 451 2645 e
467 2576 573 2646 Cilicia
594 2575 751 2644 decedens
771 2579 917 2645 Rhodum
939 2579 1096 2643 venissem
1117 2582 1150 2642 et
1172 2594 1212 2642 eo
1233 2573 1311 2641 mibi
1332 2576 1372 2640 de
1395 2573 1437 2652 Q.
1462 2574 1546 2640 Hor·

216 2677 308 2743 tensii
330 2683 430 2743 morte
452 2681 534 2740 esset
555 2670 697 2748 allatum,
724 2670 875 2756 opinione
896 2671 1036 2738 omnium
1058 2674 1211 2737 maiorem
1232 2671 1337 2736 animo
1361 2668 1433 2755 cepi
1456 2668 1546 2735 dolo-

215 2793 294 2838 rem.
341 2774 419 2835 Nam
442 2777 474 2834 et
494 2771 594 2833 amico
617 2768 734 2832 amisso
762 2788 834 2833 cum
864 2765 1091 2833 cousuetudine
1119 2765 1256 2831 iucunda
1282 2774 1347 2831 tum
1371 2766 1545 2830 multorum

216 2864 392 2931 officiorum
414 2862 634 2930 coniunctione
664 2880 714 2926 me
744 2862 900 2947 privatum
932 2860 1077 2927 videbam
1107 2869 1140 2926 ct
1167 2860 1294 2927 interitu
1323 2858 1393 2925 talis
1415 2858 1544 2945 auguris

194 2959 401 3044 sdignitatem
434 2960 533 3023 nostri
566 2956 690 3042 collegii
724 2955 915 3021 deminutam
947 2953 1108 3034 dolebam;
1143 2975 1204 3039 qua
1231 2955 1264 3019 in
1292 2952 1484 3037 cogitatione
1514 2960 1545 3018 et

216 3062 396 3140 cooptatum
418 3074 468 3118 me
490 3054 530 3117 ab
553 3071 592 3117 eo
614 3053 646 3115 in
669 3049 835 3134 collegium
856 3047 1064 3128 recordabar,
1102 3049 1135 3115 in
1164 3069 1228 3134 quo
1249 3047 1369 3114 iuratus
1390 3047 1545 3114 iudicium

217 3148 374 3232 dignitatis
400 3167 489 3213 meae
515 3147 649 3222 iecerat,
684 3154 716 3210 et
742 3147 961 3229 inauguratum
989 3143 1027 3210 ab
1058 3148 1186 3222 eodem;
1222 3165 1263 3208 ex
1291 3163 1354 3230 quo
1388 3164 1545 3229 angurum

216 3240 365 3306 institutis
394 3243 426 3304 in
454 3240 594 3325 parentis
617 3260 689 3305 eum
709 3239 781 3305 loco
804 3239 909 3305 colere
931 3237 1095 3306 debebam.
1138 3243 1169 3305 2.
1194 3240 1337 3322 Augebat
1359 3237 1454 3303 etiam
1476 3256 1544 3302 mo·

218 3333 359 3411 lentiam,
394 3337 478 3420 quod
508 3341 620 3418 magud
641 3333 829 3419 sapientium
852 3333 968 3400 civium
989 3337 1208 3421 bonorumque
1229 3334 1360 3419 penuria
1381 3336 1430 3398 vir
1453 3351 1544 3417 egre·

178 3454 208 3494 10
219 3429 288 3512 gius
302 3428 636 3512 coniunctissimusque
652 3448 775 3494 mecum
791 3431 996 3496 consiliorum
1019 3428 1158 3495 omnium
1182 3426 1330 3494 societate
1352 3426 1544 3494 alienissimo

218 3526 265 3588 rei
294 3520 436 3609 publicae
464 3531 606 3609 tempore
635 3521 805 3590 exstinctus
834 3532 866 3589 et
887 3521 1077 3589 auctoritatis
1099 3531 1131 3587 ct
1151 3521 1336 3608 prudentiae
1357 3543 1433 3588 suae
1455 3522 1544 3588 triste

218 3620 310 3683 nobis
333 3616 523 3682 desiderium
545 3616 733 3705 reliquerat:
773 3616 998 3704 dolebamque,
1021 3619 1106 3702 quod
1128 3637 1212 3695 non,
1236 3625 1271 3681 ut
1291 3616 1432 3703 plerique
1454 3622 1545 3700 puta·

217 3708 309 3788 bant,
333 3714 545 3777 adversarium
568 3720 621 3776 aut
641 3714 886 3778 obtrectatorem
907 3713 1036 3777 laudum
1051 3731 1209 3788 mearum,
1234 3713 1289 3776 sed
1304 3713 1425 3776 socium
1441 3709 1544 3797 potius

219 3814 251 3870 et
265 3815 446 3872 consortem
462 3806 590 3892 gloriosi
605 3805 723 3872 laboris
737 3809 914 3872 amiseram.
957 3810 989 3871 ³.
1007 3807 1147 3883 Etenim,
1172 3805 1246 3871 siin
1260 3804 1416 3871 leviorum
1430 3806 1546 3870 artium

180 3924 209 3967 ιε
219 3901 324 3964 studio
347 3902 516 3967 memoriae
538 3903 698 3986 proditum
720 3909 768 3966 cst
788 3908 897 3987 politas
918 3902 1041 3965 nobiles
1062 3908 1226 3987 poetarum
1248 3899 1426 3987 aequalium
1442 3906 1546 3966 morte

220 3995 374 4072 doluisse,
413 4016 475 4082 quo
497 3997 622 4060 tandem
645 3997 751 4061 animo
773 3995 840 4060 eius
861 3994 1022 4060 interitum
1044 3993 1128 4060 ferre
1150 3994 1264 4071 debui,
1298 4015 1370 4061 cum
1392 4016 1456 4080 quo
1479 4016 1548 4060 cer·

219 4098 286 4154 tare
309 4098 377 4154 erat
398 4089 567 4173 gloriosius
589 4111 681 4173 quam
703 4089 833 4157 omnino
856 4088 1071 4155 adversarium
1094 4109 1159 4155 non
1180 4087 1320 4154 babere?
1359 4110 1428 4153 cum
1451 4109 1547 4172 prae-

218 4182 327 4248 sertim
356 4205 421 4248 non
447 4186 544 4249 modo
571 4206 730 4270 nunquam
752 4186 793 4249 sit
813 4191 868 4250 aut
889 4181 973 4248 illius
995 4205 1014 4248 a
1035 4204 1086 4249 me
1107 4204 1216 4250 cursus
1238 4182 1407 4271 impeditus
1429 4192 1484 4248 aut
1504 4180 1545 4248 ab

217 4276 274 4342 illo
295 4298 403 4355 meus,
437 4276 492 4343 sed
519 4286 629 4343 contra
651 4298 776 4365 semper
796 4279 877 4345 alter
898 4275 938 4342 ab
960 4276 1060 4344 altero
1083 4280 1207 4345 adiutus
1229 4288 1261 4344 et
1283 4275 1544 4343 communicando

287 4501 314 4553 5.
334 4501 495 4553 deminutam
512 4501 559 4565 Lg.
573 4502 598 4552 8.
613 4503 657 4553 51.
671 4501 715 4553 53.
728 4503 773 4554 58.
792 4502 836 4552 68.
856 4502 923 4555 Ven.
937 4506 963 4554 1.
983 4502 1093 4556 lamb:
1112 4505 1273 4556 diminutam
1284 4517 1343 4556 eom
1357 4506 1452 4557 ceteris
1466 4503 1498 4556 li.
1514 4528 1544 4541 -

218 4569 244 4618 8.
264 4573 393 4635 augebam
412 4573 471 4624 libri
491 4579 545 4624 nott
565 4580 592 4625 et
609 4572 652 4632 Τ;
683 4581 772 4624 natum
792 4579 832 4625 est
850 4587 880 4626 ex
901 4575 1023 4637 praeced·
1043 4589 1069 4627 r.
1088 4575 1226 4630 debebam.
1257 4582 1283 4628 et
1301 4577 1427 4628 molestus
1446 4581 1487 4627 est
1504 4574 1546 4626 rel

219 4642 274 4700 lpse
294 4643 473 4704 quadruplicis
501 4645 558 4708 sylt.
585 4656 630 4694 om
655 4655 745 4694 sonus.
783 4644 922 4696 correctus
947 4651 989 4698 ert
1015 4657 1088 4698 error
1112 4647 1139 4696 ln
1159 4646 1279 4700 Romana
1299 4651 1418 4710 principe
1438 4652 1545 4707 etpost

218 4712 278 4761 Asc.
302 4718 442 4776 utramque
460 4716 530 4775 apud
551 4714 583 4763 E.
605 4736 634 4748 -
666 4716 710 4766 15.
728 4722 839 4767 mortem
856 4715 949 4768 lamb.
963 4716 1046 4770 tolus.
1060 4715 1115 4768 Cir.
1135 4716 1261 4771 Garaton-
1281 4719 1314 4770 rd
1332 4718 1447 4783 Philipp.
1469 4716 1496 4777 a,
1515 4716 1543 4770 5.

218 4779 285 4831 Phil.
305 4784 357 4846 18,
378 4787 420 4835 10.
440 4798 488 4847 pro
507 4786 595 4838 Sestio
612 4783 656 4835 17.
