3216 5400
146 252 212 307 viii

230 400 271 468 lu
295 398 514 470 oratoriis
534 395 859 469 Partitionibus
881 401 988 471 tribus
1008 395 1189 473 (iudicibus
1211 403 1263 471 usi
1284 420 1416 472 summ:

230 512 266 581 Y
286 534 328 570 ==
349 514 531 602 Excerpiis
552 512 777 604 Gryphiauis,
798 519 836 583 ut
858 518 892 583 iu
914 515 1060 604 Topicis.

232 629 265 694 lt
286 647 328 683 =
349 630 401 695 esi
423 628 504 696 Coti.
526 626 804 719 liehdigertamus

232 742 265 810 V
285 761 327 796 =
348 740 430 810 coo.
451 741 716 835 Vitebergensis.
747 734 800 826 (B
829 762 872 799 =
893 742 1115 836 biriaugeusis
1135 735 1314 825 Ernesti.)

234 856 274 922 lu
296 857 408 923 iibeiio
430 855 480 923 de
501 859 655 944 optimo
675 874 837 948 genere
859 861 1071 926 oratorum
1092 862 1229 946 praesto
1251 861 1343 926 crat:

233 987 316 1036 a=
338 969 419 1038 eoo.
448 966 685 1059 sangallensis
713 970 754 1040 N.
777 970 868 1041 818.
902 966 1246 1061 Sec.x1.optimus,
1280 971 1383 1057 idem,
1416 971 1470 1059 qui

148 1082 184 1149 iu
205 1081 341 1168 'l'opicis
360 1083 457 1151 uobis
478 1088 532 1151 est
553 1083 584 1150 d.

233 1194 267 1264 U
287 1216 328 1251 =
349 1192 431 1267 cod.
454 1194 666 1266 tironiensis.

235 1329 260 1377 v
280 1332 322 1366 =
343 1310 424 1378 Com
446 1312 713 1400 Viiebergcnsis.

235 1420 388 1493 Ceterum
417 1426 450 1490 iu
478 1427 586 1493 aitera
617 1427 680 1494 buc
709 1421 873 1509 editione,
906 1443 991 1512 quae
1020 1427 1133 1493 certas
1159 1428 1301 1512 propter
1322 1427 1473 1493 rationes
1507 1416 1509 1420 ⁴

153 1539 238 1606 citra
260 1541 381 1624 prioris
402 1538 564 1606 modulum
587 1542 771 1608 subsistere
794 1539 957 1627 debebat,
980 1541 1130 1625 quamvis
1152 1542 1203 1605 toi
1217 1558 1308 1607 uova
1323 1539 1471 1608 subsidia

154 1650 231 1719 iude
245 1653 288 1720 ab
304 1653 355 1718 bis
371 1655 492 1744 viginti
508 1655 642 1722 circiter
655 1656 752 1721 annis
766 1653 855 1722 uacti
872 1672 1042 1740 essemus,
1062 1652 1106 1721 sd
1120 1655 1263 1739 spatium
1277 1652 1471 1721 lucrandum

154 1767 310 1851 imprimis
333 1771 407 1835 crat
429 1766 612 1835 omittenda
637 1786 677 1835 eu
700 1767 878 1835 editionum
900 1769 1067 1854 varietas,
1090 1786 1175 1855 quae
1197 1765 1241 1833 ad
1267 1765 1474 1835 emendanda

153 1873 326 1947 Ciceronis
346 1882 452 1949 verba
479 1883 542 1950 iam
574 1881 656 1949 nihii
682 1882 837 1950 conterre
860 1880 1033 1948 videretur
1060 1898 1100 1947 uc
1131 1880 1269 1948 lectoris
1300 1879 1474 1947 dumtaxat

153 1995 379 2062 curiositatem
399 1998 572 2085 pasceret,
593 1997 688 2062 immo
710 1994 873 2062 interdum
896 1995 995 2062 eiiam
1016 1994 1188 2084 fatigaret.
1230 1992 1414 2076 Quocirca,
1436 1995 1473 2058 ut

155 2104 220 2175 boc
257 2127 356 2174 uuum
392 2111 576 2196 exemplum
611 2109 807 2190 afferamus,
843 2127 938 2175 nemo
968 2111 1002 2174 in
1033 2108 1098 2176 bac
1128 2108 1276 2195 requirat
1307 2108 1472 2196 integram

155 2222 331 2288 tectionem
362 2204 609 2290 Lambiuiauam
640 2225 717 2290 anni
746 2222 797 2291 Μ.
818 2222 858 2289 Ι).
878 2221 1002 2290 LXVI.
1023 2240 1131 2310 aeque
1152 2219 1388 2292 Sobaiziuuam
1410 2236 1473 2285 uec

155 2336 208 2402 tot
221 2336 360 2402 aiiorum
381 2338 536 2403 librorum
553 2336 777 2404 'l'uiiiaaorum
792 2353 940 2403 seorsum
955 2335 1134 2421 editorum,
1155 2337 1189 2402 iu
1204 2353 1269 2422 qua
1283 2331 1474 2422 coiiigeada

156 2448 346 2516 elaboraret
369 2446 531 2538 Orsines,
554 2446 639 2517 omni
663 2455 742 2519 tuuc
764 2450 916 2517 adiutore
938 2449 1127 2518 destitutus.
1168 2449 1223 2516 lta
1236 2447 1310 2533 aet,
1331 2453 1369 2513 ut
1383 2447 1475 2533 prior

157 2580 288 2649 quoque
310 2581 390 2631 eura
412 2566 553 2649 pretium
574 2563 707 2652 aliquod
721 2566 876 2648 retineat,
898 2566 961 2630 eisi
978 2565 1061 2634 bueo
1075 2565 1182 2630 aiteru
1198 2580 1219 2629 a
1233 2562 1344 2646 uobis,
1366 2557 1475 2647 quoad

157 2677 230 2743 eius
250 2675 320 2745 ieri
341 2679 472 2767 potuit,
492 2697 566 2746 cum
588 2680 692 2746 totius
712 2678 908 2767 disciplinae
931 2696 1114 2766 progressu
1135 2674 1323 2763 adaequata
1346 2676 1408 2741 cst.
