3216 5400
165 220 229 285 tte
644 217 699 281 nit
721 215 968 283 INVENTIONE

163 380 212 457 is,
246 379 296 443 cni
318 356 515 464 praepositus
538 381 586 439 est
606 375 729 460 sapiens
752 383 784 439 et
805 373 937 440 callidus
958 375 1146 458 imperator,
1181 372 1328 437 omnibns
1350 372 1493 460 partibus

164 472 360 539 commodius
381 471 501 556 regitur
522 492 616 557 quam
638 472 684 543 is,
718 471 772 556 qui
803 468 932 534 stultitia
954 476 985 532 et
1006 469 1183 531 temeritate
1205 467 1337 532 alicuius
1359 468 1494 533 admini-

163 574 292 633 stratur.
337 565 453 631 Eadem
476 563 593 650 navigii
614 565 695 628 ratio
718 575 776 629 est.
822 566 899 628 Nam
922 562 1010 627 navis
1025 563 1142 647 optime
1158 583 1284 628 cursum
1301 563 1427 629 conficit
1440 585 1491 639 ea,

163 681 244 748 miae
266 661 473 726 scientissimo
495 661 705 743 gubernatore
727 657 839 722 utitur.
884 660 935 722 59.
960 660 1036 724 Cum
1059 659 1235 742 propositio
1257 660 1298 723 sit
1319 658 1379 723 boc
1399 668 1492 745 pacto

142 758 336 842 snpprobata
356 762 389 818 et
409 753 489 818 dnae
512 762 618 835 partes
640 750 821 817 transierint
841 751 1105 827 ratiocinationis,
1130 754 1222 816 tertia
1243 753 1274 816 in
1290 762 1378 838 parte
1393 757 1492 826 aiunt,

163 853 247 937 qnod
276 852 443 915 ostendere
474 849 567 922 velis,
599 845 632 911 id
654 868 695 912 ox
716 848 747 911 vi
776 845 1000 930 propositionis
1030 854 1179 932 oportere
1210 867 1390 923 assumere,
1429 851 1493 912 hoo

161 954 267 1030 pacto:
298 942 380 1007 Nihil
403 949 508 1008 autem
531 943 672 1006 omnium
693 960 802 1005 rernm
823 939 934 1004 melius
955 962 1050 1028 quam
1072 942 1174 1008 omnis
1197 943 1331 1009 mundus
1354 946 1489 1015 admini-

160 1046 285 1104 stratur.
328 1039 430 1103 Huius
452 1038 673 1123 assumptionis
695 1044 807 1121 quarto
828 1036 861 1098 in
882 1034 953 1100 loco
975 1036 1068 1101 oliam
1091 1056 1187 1120 porro
1208 1038 1361 1102 inducunt
1374 1057 1490 1123 appro-

159 1128 334 1205 bationem,
357 1131 418 1197 hoo
439 1129 550 1197 modo:
573 1135 651 1195 Nam
674 1142 705 1196 et
726 1131 887 1214 signorum
909 1138 998 1195 ortus
1020 1140 1053 1195 et
1073 1131 1179 1196 obitus
1202 1131 1364 1196 definitum
1387 1152 1490 1218 quen·

123 1228 233 1294 rodem
259 1224 402 1291 ordinem
432 1235 558 1290 servant
587 1234 619 1290 et
644 1245 766 1289 annuae
795 1226 1056 1290 commutationes
1077 1245 1141 1290 noo
1164 1224 1261 1291 modo
1283 1230 1421 1311 quadam
1444 1245 1486 1289 ex

159 1320 388 1387 necessitudine
416 1342 541 1406 semper
568 1319 682 1386 codem
713 1316 808 1384 modo
834 1317 927 1391 fiunt,
961 1338 1072 1383 verum
1106 1321 1145 1381 ad
1179 1319 1328 1384 utilitates
1361 1337 1489 1405 quoque

159 1435 266 1482 rerum
288 1415 429 1480 omnium
451 1423 524 1478 sunt
545 1411 815 1487 accommodatae,
841 1419 873 1476 et
894 1410 1024 1476 diurnae
1047 1421 1282 1498 nocturnaeque
1301 1411 1491 1478 vicissitudi-

158 1509 320 1577 nosnullo
341 1511 373 1573 in
394 1531 430 1574 re
451 1529 589 1594 unquam
611 1515 747 1572 mutatae
769 1504 939 1592 quidquam
960 1515 1156 1584 nocuerunt;
1195 1528 1276 1591 qnae
1299 1509 1390 1594 signo
1416 1512 1491 1573 sunt

158 1606 264 1672 omnia
283 1624 347 1670 non
363 1602 512 1669 mediocri
527 1605 662 1690 quodam
677 1603 810 1666 consilio
826 1608 966 1664 naturam
982 1603 1089 1665 mnndi
1104 1600 1326 1668 administrari.
1370 1603 1489 1680 Quinto

122 1722 149 1763 rs
158 1701 309 1765 inducunt
328 1701 401 1765 loco
422 1699 676 1784 complexionem
698 1718 787 1771 eam,
826 1715 907 1780 quae
931 1694 1039 1759 antid
1062 1694 1158 1761 inlert
1179 1699 1302 1772 solnm,
1339 1699 1424 1784 quod
1448 1718 1490 1760 ex

158 1797 304 1860 omnibus
325 1794 467 1879 partibus
489 1793 627 1875 cogitur,
660 1793 721 1856 hoc
751 1792 865 1854 modo:
904 1788 1043 1853 Consilio
1072 1791 1169 1873 igitur
1193 1790 1329 1857 mundus
1351 1789 1487 1857 admini-

157 1896 287 1954 strator:
325 1894 379 1951 aut
405 1906 501 1950 unum
530 1887 689 1950 inlocum
713 1905 784 1949 cum
807 1883 996 1947 conduxerit
1018 1880 1157 1948 breviter
1179 1887 1430 1971 propositionem
1453 1892 1487 1949 et

157 1983 422 2068 assumptionem,
458 1980 617 2062 adiungit,
654 1980 730 2065 quid
759 1998 800 2042 ex
827 1978 877 2041 his
906 1974 1106 2051 conficiatur,
1144 1981 1184 2043 ad
1218 1983 1301 2044 hunc
1335 1981 1484 2046 modum:

158 2077 280 2156 Quodsi
302 2076 415 2139 melius
437 2082 587 2158 geruntur
608 2093 664 2148 ea,
699 2092 780 2158 qnae
808 2064 939 2134 consilio
963 2091 1057 2155 qnam
1080 2092 1161 2158 quae
1184 2074 1252 2137 sine
1275 2074 1407 2141 consilio
1429 2076 1486 2139 ad-

119 2170 393 2247 »ministrantem
430 2169 510 2232 nihil
538 2176 642 2232 autem
670 2165 810 2230 omnium
840 2184 946 2228 rerum
979 2164 1092 2229 melius
1121 2167 1359 2233 administratur
1390 2186 1486 2255 mam

156 2267 260 2331 omnis
281 2266 431 2340 mundns;
458 2262 590 2328 consilio
613 2261 707 2346 igitur
728 2261 862 2325 mundus
885 2258 1128 2324 administratur.
1185 2259 1483 2349 Quinquepertitam

155 2358 252 2447 igitur
272 2361 334 2424 hoo
355 2365 447 2443 pacto
471 2364 582 2440 putant
602 2377 672 2420 esse
694 2351 1008 2438 argumentationem.
1051 2356 1181 2421 XXXV.
1206 2358 1258 2419 60.
1295 2355 1358 2434 Qui
1379 2365 1485 2422 autem

155 2454 344 2539 tripartitam
366 2472 435 2517 esse
458 2453 578 2527 mount,
613 2452 635 2514 ii
658 2470 722 2513 non
744 2450 836 2513 aliter
858 2448 982 2512 necari
1005 2456 1115 2532 putant
1136 2458 1286 2534 oportere
1316 2473 1486 2536 argumen-

155 2549 323 2623 tationem,
354 2548 411 2612 sed
434 2545 635 2630 partitionem
657 2546 772 2609 horum
794 2544 1042 2624 reprehendunt.
1087 2546 1210 2629 Negant
1232 2548 1317 2611 enim
1335 2567 1440 2633 neque
1465 2566 1484 2609 a

119 2664 147 2706 ss
155 2641 372 2728 propositione
392 2660 495 2725 neque
517 2637 557 2704 ab
578 2636 793 2721 assumptione
821 2634 1067 2719 approbationes
1093 2658 1201 2702 earnm
1224 2643 1364 2723 separari
1387 2661 1483 2726 opor·

154 2744 242 2811 tere,
266 2756 369 2819 neque
391 2736 642 2820 propositionem
663 2734 841 2798 absolutam
857 2751 959 2816 neque
975 2732 1223 2818 assumptionem
1236 2735 1297 2801 sibi
1311 2737 1483 2823 perlectam

154 2830 271 2905 videri,
310 2849 391 2913 quae
418 2830 646 2914 approbatione
678 2825 861 2892 confirmata
894 2847 960 2891 non
990 2825 1042 2891 sit.
1089 2829 1195 2905 Quare
1225 2851 1303 2915 quas
1331 2829 1378 2894 illi
1406 2831 1484 2892 duas

153 2931 260 3011 partes
289 2932 472 2998 numerent,
511 2922 762 3011 propositionem
786 2931 817 2985 et
838 2923 1121 3006 approbationem,
1152 2925 1213 2988 sibi
1236 2945 1331 2989 unam
1361 2930 1483 3010 partem

154 3020 271 3094 videri,
306 3019 570 3104 propositionem
607 3037 688 3102 qnae
717 3017 744 3080 si
773 3016 946 3100 approbata
973 3036 1038 3080 non
1069 3018 1125 3092 sit,
1159 3021 1334 3104 propositio
1356 3039 1421 3081 non
1443 3014 1485 3080 sit

116 3112 444 3197 toargumentaiionis.
488 3114 583 3185 Item,
620 3130 700 3197 quae
723 3112 762 3173 ab
786 3110 848 3173 illis
871 3111 1043 3196 assumptio
1066 3120 1099 3175 et
1120 3113 1343 3196 assumptionis
1365 3128 1479 3197 appro-

153 3208 240 3272 batio
262 3208 398 3278 dicatur,
422 3207 554 3269 eandem
569 3205 630 3267 sibi
644 3204 890 3288 assumptionem
905 3205 1006 3267 solam
1021 3205 1133 3270 videri.
1181 3209 1229 3271 lta
1243 3205 1295 3282 lit,
1319 3214 1355 3272 nt
1369 3206 1481 3269 eadem

153 3301 275 3367 ratione
297 3301 525 3382 argumentatio
550 3306 680 3363 tractata
694 3296 763 3362 aliis
778 3298 951 3378 tripartita,
975 3298 1044 3362 aliis
1059 3301 1312 3388 quinquepartita
1327 3301 1481 3364 videatur.

153 3395 258 3473 Quare
281 3394 400 3467 evenit,
422 3401 457 3458 nt
477 3415 528 3458 res
551 3413 615 3458 non
637 3400 700 3456 mm
722 3393 761 3455 ad
783 3409 876 3453 usum
897 3392 1023 3456 dicendi
1045 3395 1201 3478 pertineat
1221 3415 1315 3481 qnam
1331 3393 1369 3459 ad
1385 3393 1483 3458 ratio-

152 3512 227 3556 nem
256 3489 498 3574 praeceptionis.
544 3492 595 3553 61.
624 3485 721 3552 Nobis
748 3494 852 3550 autem
884 3487 1083 3551 commodior
1113 3488 1168 3552 illa
1197 3490 1324 3575 partitio
1352 3485 1481 3553 videtur

115 3605 240 3663 ascesa,
269 3604 349 3670 qnae
372 3583 403 3647 in
425 3584 564 3669 quinque
585 3593 691 3669 partes
712 3580 878 3645 distributa
900 3588 966 3656 est,
1002 3602 1095 3666 quam
1118 3604 1228 3648 omnes
1250 3586 1290 3647 ab
1312 3579 1480 3648 Aristotele

153 3687 185 3746 et
205 3678 423 3763 Theophrasto
445 3678 579 3761 proiecti
601 3679 736 3743 maxime
760 3675 859 3741 secuti
880 3682 962 3739 sunt.
1006 3679 1084 3739 Nam
1106 3680 1375 3763 quemadmodum
1398 3676 1477 3740 illud

152 3775 297 3862 mperins
319 3792 417 3856 genus
439 3774 695 3856 argumentandi,
729 3774 815 3859 quod
838 3790 895 3856 per
916 3770 1130 3835 inductionem
1153 3773 1305 3849 sumitur,
1340 3771 1480 3836 maxime

152 3871 299 3935 Socrates
313 3875 346 3932 et
361 3868 512 3931 Socratici
529 3875 720 3944 tractarunt,
744 3870 788 3931 sic
802 3868 881 3940 hoc,
905 3866 991 3948 quod
1005 3884 1064 3950 per
1085 3864 1357 3932 ratiocinationem
1378 3884 1481 3947 expo·

151 3966 247 4040 litur,
282 3983 403 4028 summe
432 3970 480 4026 est
506 3965 546 4026 ab
577 3965 745 4028 Aristotele
767 3971 861 4047 atque
883 3958 1100 4043 Peripateticis
1122 3968 1154 4025 et
1175 3963 1395 4048 Theophrasto
1416 3956 1480 4023 ire-

113 4065 347 4146 quuentatnm,
370 4058 484 4122 deinde
498 4078 516 4121 a
531 4055 709 4122 rhetoribus
727 4056 783 4131 iis,
814 4055 867 4140 qui
883 4055 1107 4136 elegantissimi
1122 4064 1215 4142 atque
1229 4052 1479 4120 artificiosissimi

152 4154 251 4242 putati
272 4161 354 4219 suot.
399 4154 504 4230 Quare
526 4160 631 4216 autern
652 4154 746 4216 nobis
764 4153 818 4215 illa
843 4147 941 4235 magis
967 4150 1094 4233 partitio
1117 4153 1286 4236 probetur,
1309 4147 1477 4216 dicendum

150 4251 292 4325 videtum
315 4270 356 4313 ne
378 4256 496 4312 temere
518 4246 615 4311 secuti
636 4254 797 4331 putemnr;
825 4251 857 4307 et
878 4244 1017 4308 breviter
1039 4247 1222 4320 dicendum,
1244 4267 1285 4310 ne
1307 4247 1340 4308 in
1368 4245 1479 4309 huius-

151 4347 238 4411 modi
259 4347 354 4409 rebns
376 4343 506 4416 diutius,
529 4361 623 4428 quam
644 4341 725 4406 ratio
747 4337 961 4427 praecipiendi
981 4342 1138 4423 postulat,
1162 4360 1405 4406 commoremur.

220 4488 247 4540 8.
266 4485 361 4552 aliam]
380 4489 434 4538 iam
453 4485 564 4548 Quintil.
584 4486 611 4543 5,
631 4484 675 4540 ii.
694 4483 720 4533 8.
746 4508 778 4519 -
810 4486 852 4534 ll.
872 4484 1061 4536 necessitudine
1078 4483 1161 4534 nni:
1189 4487 1341 4535 necessitate
1365 4481 1422 4532 itit.
1444 4505 1473 4519 -

151 4556 195 4608 15·
215 4572 274 4610 casu
291 4572 350 4609 curn
363 4558 475 4622 Quintil.
491 4558 507 4608 Ι.
522 4557 542 4607 l·
564 4552 592 4619 5.
606 4555 632 4605 o.
648 4568 699 4604 om.
722 4553 783 4604 Scir.
798 4579 830 4590 -
850 4557 893 4606 io.
914 4558 953 4606 bic
970 4555 1085 4605 muudus
1103 4554 1160 4604 ΛΤ.
1175 4578 1207 4590 -
1227 4555 1268 4605 18.
1284 4554 1349 4620 qaid
1362 4552 1473 4616 Quintil.

151 4625 170 4677 l.
188 4625 225 4686 l.,
250 4628 338 4679 PhT:
362 4630 432 4692 quod
450 4628 506 4679 itit.
528 4651 559 4663 -
580 4627 624 4677 21.
642 4628 728 4688 igitar
746 4625 865 4677 Ernestto
884 4634 1037 4688 suspectum
1058 4632 1147 4678 tuetur
1166 4624 1278 4687 Quintil.
1299 4628 1316 4676 l.
1337 4626 1355 4674 l.
1375 4649 1404 4660 -
1428 4621 1474 4672 23.

150 4700 266 4748 mactari
273 4705 371 4759 putant
384 4707 503 4763 oportere
513 4697 597 4748 esre
613 4701 712 4761 putant
726 4701 844 4758 oportere
856 4702 970 4748 tractari
982 4697 1020 4756 li,
1032 4701 1130 4761 potant
1142 4699 1255 4746 tractari
1266 4703 1385 4758 oportere
1398 4694 1428 4745 li.
1441 4717 1473 4730 -

149 4767 195 4818 28.
206 4771 415 4833 propositionem
429 4771 577 4821 absolutam
590 4773 614 4818 st
626 4767 682 4817 ΔΤ.
703 4792 732 4805 -
753 4767 796 4816 35.
816 4769 916 4818 tributa
936 4767 1027 4818 humb.
1048 4774 1075 4818 et
1093 4780 1133 4829 pr.
1153 4765 1183 4815 P.
1204 4792 1238 4801 —
1256 4766 1298 4816 38.
1320 4767 1475 4816 tractarunt

149 4836 214 4890 rte
234 4843 416 4890 tractaverunt
433 4841 489 4891 itii.
509 4839 661 4901 (traxerunt
677 4835 723 4901 Α.)
735 4861 766 4872 -
785 4837 828 4887 39.
849 4840 1032 4903 Peripateticis
1040 4837 1131 4889 ARTt
1150 4851 1169 4889 a
1180 4837 1362 4901 Peripateticis
1374 4835 1428 4890 Pil.
1439 4857 1475 4871 -

150 4909 195 4961 ta.
212 4910 330 4975 postuiot
347 4909 454 4964 Phili:
470 4910 588 4976 postulet
604 4920 665 4963 oum
681 4906 758 4962 held.
778 4908 815 4960 11.
836 4909 867 4960 li.
