3232 5392
165 198 207 266 bd
668 196 721 265 ΑΙ)
743 197 982 265 HERENNIUM

163 361 251 429 bant.
296 363 374 426 Nam
396 381 501 426 rerum
523 318 680 443 imperiti,
703 361 758 446 qui
778 360 871 424 unius
895 362 1045 446 cuiusque
1067 362 1113 425 rei
1136 364 1175 427 de
1197 359 1290 428 rebus
1308 372 1380 431 ante
1395 365 1491 449 gestis

164 456 308 540 exempla
328 464 437 542 petere
458 477 523 527 non
544 463 696 540 possunt,
726 457 748 517 ii
775 475 834 540 per
862 454 1104 540 imprudentiam
1124 455 1270 523 facillime
1293 460 1491 524 deducuntur

163 553 197 620 in
217 551 381 628 fraudem3
416 558 448 613 at
469 552 510 624 ii,
545 549 600 635 qui
621 549 744 624 sciunt,
779 551 854 633 quid
876 550 945 614 aliis
968 553 1135 626 acciderit,
1174 549 1266 616 facile
1295 574 1335 617 ex
1356 553 1489 619 aliomm

164 650 285 716 eventis
307 649 371 711 suis
386 645 560 711 rationibus
583 651 715 729 possunt
734 645 913 729 providere.
959 643 1050 709 Nulla
1071 647 1167 728 igitur
1188 668 1222 710 re
1244 645 1380 724 inducti,
1403 651 1491 713 nulla

142 761 219 830 sspe
241 743 313 807 freti
335 761 421 804 arma
443 741 656 804 sustulerunt?
693 738 771 815 Quis
802 740 863 802 hoc
892 742 1018 812 credet,
1053 749 1168 805 tantam
1191 744 1357 807 amentiam
1382 764 1490 830 quem·

164 859 257 924 qnam
279 841 434 910 tenuisse,
457 844 492 898 nt
513 833 680 920 imperium
701 835 810 918 populi
832 833 966 898 Romani
988 841 1109 898 tentare
1131 836 1262 900 auderet
1282 839 1377 901 nullis
1391 839 1488 923 copiis

163 931 285 997 frctus?
322 933 406 1012 Ergo
436 927 553 1013 aliquid
583 925 679 992 luisse
709 948 838 993 neccsse
870 936 927 993 est.
983 929 1066 1005 Quid
1088 929 1193 1006 aliud,
1226 932 1286 995 nisi
1315 934 1365 1009 id,
1403 937 1488 1020 quod

163 1028 252 1097 dico,
275 1027 494 1108 potestesse?

247 1121 290 1183 X.
315 1119 365 1182 14.
391 1119 427 1180 ln
450 1124 627 1181 attenuatae
649 1114 769 1200 figurae
792 1138 924 1202 genere,
949 1121 1035 1204 quod
1057 1121 1097 1183 ad
1119 1116 1260 1184 infimum
1282 1128 1313 1184 et
1334 1123 1489 1206 quotidia-

126 1232 238 1279 ronum
273 1233 453 1277 sermonem
490 1213 659 1277 demissum
691 1221 759 1286 est,
798 1215 858 1277 boc
890 1215 950 1277 erit
982 1212 1181 1298 exemplum:
1221 1216 1299 1278 Nam
1337 1223 1372 1279 ut
1408 1214 1488 1281 sorte

163 1307 214 1374 bic
236 1307 269 1372 in
292 1309 420 1371 balneas
441 1307 544 1378 veuit,
568 1305 691 1388 coepit,
714 1314 879 1391 postquam
903 1306 1048 1392 perinsus
1070 1317 1133 1381 est,
1157 1307 1313 1373 defricati.
1358 1309 1487 1385 Deinde,

164 1404 218 1467 ubi
241 1403 341 1468 visum
365 1410 412 1465 est
433 1401 497 1474 ire,
529 1409 564 1463 ut
596 1398 629 1463 in
663 1401 788 1464 alveum
811 1402 1039 1477 descenderet,
1079 1424 1152 1467 ecce
1182 1403 1226 1466 ibi
1250 1404 1307 1466 iste
1328 1405 1368 1467 de
1391 1412 1489 1468 trans·

163 1519 278 1574 verso,
302 1499 411 1570 Heus,
435 1494 559 1581 inquit,
582 1497 790 1568 adolescens,
814 1497 903 1581 pueri
927 1498 972 1558 tui
994 1499 1090 1560 modo
1114 1517 1164 1560 me
1186 1494 1367 1581 pulsarunt3
1401 1500 1490 1561 satis·

162 1590 258 1657 iacias
292 1598 429 1676 oportet.
474 1592 554 1665 Hie,
593 1592 645 1674 qui
678 1588 710 1654 id
739 1592 848 1655 aetatis
877 1586 917 1652 ab
946 1589 1056 1673 ignoto
1083 1599 1208 1675 praeter
1230 1591 1489 1656 consuetudinem

124 1703 152 1744 1⁵
162 1688 339 1769 appellatus
373 1691 474 1756 esset,
512 1687 648 1748 erubuit.
704 1687 766 1748 Iste
797 1686 910 1748 clarius
937 1683 1047 1749 eadem
1077 1694 1109 1749 et
1131 1685 1192 1749 alia
1215 1685 1320 1748 dicere
1346 1682 1485 1768 [coepitl.

162 1784 221 1846 Hic
244 1783 298 1846 rix
320 1779 446 1844 tandem
468 1780 588 1863 inquit:
626 1781 699 1843 Sine
721 1800 771 1843 me
794 1780 1005 1843 considerare.
1063 1783 1142 1845 Tum
1164 1801 1240 1844 vero
1264 1780 1323 1841 iste
1354 1778 1489 1843 clamare

161 1897 240 1941 voce
273 1878 355 1950 ista,
394 1895 475 1959 quae
509 1873 559 1938 vel
588 1872 679 1937 facile
702 1875 800 1938 cuivis
822 1876 956 1938 rubores
979 1873 1093 1938 elicere
1116 1881 1239 1959 posset:
1278 1874 1324 1936 lta
1346 1875 1489 1958 petulans

162 1991 196 2034 es
218 1979 311 2054 atque
333 1988 427 2043 acer,
458 1975 494 2030 ut
516 1989 555 2031 ne
578 1970 618 2031 ad
641 1967 789 2032 solarium
811 1967 962 2054 quidem,
996 1978 1030 2031 ut
1052 1971 1127 2033 mihi
1150 1971 1293 2043 videtur,
1328 1971 1384 2033 sed
1406 1988 1488 2050 pone

162 2085 286 2130 scenam
309 2072 340 2127 et
362 2066 395 2127 in
417 2064 571 2126 eiusmodi
592 2061 670 2126 locis
692 2061 881 2127 exercitatus
897 2067 950 2128 sis.
997 2065 1205 2128 Conturbalus
1220 2070 1268 2128 est
1283 2065 1486 2140 adolescens3

124 2176 221 2224 wnec
242 2158 375 2232 mirum,
406 2159 457 2220 cui
479 2157 657 2222 etiamnunc
678 2159 853 2242 paedagogi
875 2157 943 2221 lites
966 2159 1005 2220 ad
1029 2160 1184 2223 auriculas
1207 2167 1411 2222 versarentur
1431 2159 1489 2220 im·

162 2255 264 2340 perito
288 2251 468 2316 huiusmodi
489 2254 716 2317 conviciorum.
763 2250 820 2316 Ubi
843 2254 926 2316 enim
948 2253 1007 2315 iste
1029 2255 1157 2317 vidisset
1179 2274 1320 2316 scurram
1337 2255 1488 2316 exhausto

163 2350 302 2420 rubore,
341 2346 394 2431 qui
417 2369 451 2410 se
473 2354 597 2430 putaret
617 2346 695 2410 nibil
718 2345 854 2421 babere,
893 2348 978 2428 quod
1009 2349 1047 2411 de
1076 2347 1305 2411 existimatione
1328 2349 1487 2428 perderet,

162 2451 197 2506 ut
218 2440 324 2504 omnia
346 2443 414 2505 sine
436 2440 537 2505 lamae
560 2440 747 2505 detrimento
769 2439 872 2504 lacere
894 2445 1026 2524 posset?
1077 2445 1126 2505 15.
1152 2444 1250 2526 Igitur
1274 2461 1390 2524 genera
1412 2438 1490 2523 ligu-

162 2560 268 2602 rarum
292 2558 333 2600 ex
354 2536 430 2622 ipsis
453 2533 604 2620 exemplis
626 2534 758 2618 intelligi
778 2543 937 2620 poterunt.
990 2539 1060 2600 Erit
1081 2537 1163 2599 enim
1186 2543 1218 2599 et
1239 2543 1397 2598 attenuata
1420 2555 1490 2599 vcr-

43 2649 46 2660 “
124 2635 277 2700 esborum
310 2631 502 2694 constructio
537 2631 689 2714 quaedam
716 2637 747 2693 et
780 2632 855 2693 item
888 2630 947 2694 alia
979 2631 1011 2693 in
1035 2631 1202 2714 gravitate,
1241 2630 1301 2692 alia
1327 2628 1431 2711 posita
1457 2629 1489 2693 in

162 2728 392 2792 mediocritate.

246 2824 300 2886 Est
322 2830 425 2885 autem
449 2821 645 2893 cavendum,
668 2837 731 2892 ne,
763 2820 836 2882 dum
860 2817 936 2882 baec
959 2838 1074 2901 genera
1097 2828 1334 2896 consectamur,
1366 2822 1399 2883 in
1421 2816 1491 2882 fini·

162 2913 237 2978 tima
267 2924 299 2978 et
329 2916 503 3000 propinqua
530 2913 604 2976 vitia
626 2914 801 2977 veniamus.
848 2916 925 2975 Nam
948 2913 1051 2996 gravis
1074 2910 1191 2996 ligura,
1231 2934 1311 2997 quae
1335 2912 1490 2978 laudanda

163 3016 224 3080 est,
247 3012 424 3094 propinqua
446 3016 493 3071 est
514 3010 561 3081 ei,
587 3019 667 3092 qua'e
690 3005 836 3090 fugienda
858 3014 926 3082 est;
951 3027 1032 3090 quae
1048 3016 1132 3071 recte
1148 3006 1308 3072 videbitur
1322 3008 1486 3094 appellari,

125 3124 152 3165 so
163 3103 188 3164 si
222 3101 345 3166 suldata
374 3101 597 3166 nominabitur.
656 3104 734 3164 Nam
765 3109 799 3165 ut
827 3103 972 3183 corporis
1003 3104 1118 3166 bonam
1146 3104 1362 3167 habitudinem
1385 3111 1489 3167 tumor

162 3197 302 3260 imitatur
323 3216 434 3280 saepe,
458 3196 501 3258 ita
523 3197 626 3279 gravis
649 3197 750 3259 oratio
774 3215 867 3280 saepe
891 3196 1043 3305 imperitis
1066 3198 1189 3260 videtur
1211 3218 1264 3272 ea,
1290 3219 1369 3282 qnae
1385 3203 1489 3279 turget

164 3298 195 3353 et
227 3289 333 3353 indata
366 3299 436 3364 est,
475 3312 545 3353 cum
579 3298 632 3353 aut
666 3291 756 3352 novis
789 3301 841 3353 aut
873 3291 985 3373 priscis
1018 3290 1123 3355 verbis
1145 3301 1201 3356 aut
1220 3295 1339 3356 duriter
1361 3293 1488 3355 aliunde

162 3382 317 3447 translatis
341 3394 394 3448 aut
415 3384 629 3486 gravioribus,
653 3404 746 3469 quam
769 3405 819 3447 res
834 3385 985 3469 postulat
1010 3385 1126 3470 aliquid
1142 3387 1272 3461 drcrtur
1298 3385 1357 3450 boc
1373 3388 1486 3449 modo

163 3481 241 3541 Nam
264 3480 317 3564 qui
340 3474 611 3561 perduellionibus
634 3479 771 3542 venditat
793 3480 949 3563 patriam,
985 3502 1049 3543 non
1078 3479 1151 3543 satis
1181 3481 1325 3565 supplicii
1352 3478 1487 3553 dederit,

126 3574 189 3640 sesi
212 3593 362 3659 praeceps
385 3577 416 3638 in
440 3575 608 3658 Neptunias
631 3571 779 3656 depulsus
801 3574 862 3636 erit
885 3577 1021 3638 lacunas.
1081 3576 1244 3638 Paeniteat
1265 3575 1361 3660 igitur
1381 3575 1487 3648 istum,

165 3670 219 3752 qui
241 3678 364 3732 montes
394 3667 467 3732 belli
493 3667 662 3732 fabricatus
692 3675 755 3741 est,
795 3688 922 3751 campos
952 3667 1075 3732 sustulit
1096 3668 1192 3749 pacis.
1248 3671 1284 3731 ln
1307 3673 1367 3732 hoc
1390 3689 1489 3752 genus

163 3764 307 3846 plerique
331 3783 401 3826 cum
424 3762 580 3826 declinant
601 3771 632 3825 et
653 3765 692 3824 ab
716 3781 777 3837 eo,
801 3783 863 3848 quo
887 3762 1019 3848 profecti
1041 3771 1132 3834 sunt,
1155 3759 1361 3838 aberrarunt,
1385 3764 1489 3848 specie

165 3857 324 3942 gravitatis
353 3855 501 3921 lalluntur
528 3877 586 3919 nec
613 3858 792 3942 perspicere
815 3866 945 3942 possunt
967 3856 1116 3920 orationis
1138 3866 1307 3922 tumorem.
1352 3860 1409 3922 XI.
1436 3860 1486 3920 16

234 4012 260 4061 4.
281 4013 379 4061 eventia
398 4009 450 4066 PT,
466 4009 501 4056 L:
523 3976 653 4058 eventibus
672 4010 725 4069 ΛΤ,
744 4012 973 4061 euentrrBREoe-
990 4012 1016 4060 5.
1037 4011 1123 4059 credet
1143 4010 1221 4058 PBT:
1244 4014 1334 4061 credat
1352 4012 1452 4060 ΑΤΤΤ.
1458 4037 1488 4047 -

163 4084 190 4133 8.
212 4088 366 4131 attenuatae
386 4081 439 4128 Eri.
459 4079 536 4128 Letd.
551 4080 573 4127 Ι.
594 4080 670 4128 etll:
691 4087 828 4131 ottemmto
848 4082 1042 4130 P.tltTTE.-
1075 4081 1117 4129 12.
1139 4083 1231 4129 estire
1250 4089 1279 4130 ut
1299 4083 1353 4131 Bb:
1384 4090 1438 4138 est,
1458 4089 1489 4131 ut

164 4152 229 4215 (om.
246 4154 296 4214 tre)
285 4151 438 4214 ).-Ρ18ΤΤ..
477 4147 549 4211 (Post
566 4148 611 4198 ube
631 4153 721 4202 inserit
739 4155 778 4199 ire
798 4165 834 4201 rc.
855 4166 921 4202 corr.
943 4149 1038 4213 Τ.)-
1068 4150 1110 4200 13.
1129 4151 1275 4211 pulsorum
1293 4153 1350 4201 ΡΑ·
1369 4153 1489 4213 pulsaue

163 4230 226 4273 ruut
245 4223 427 4273 BTRTE.
461 4221 501 4268 15.
523 4222 605 4281 coepit
631 4222 683 4270 del.
707 4222 769 4271 Scb.
790 4226 858 4272 cont.
897 4223 950 4273 Noe
970 4223 1186 4272 seetulmns.
1187 4224 1264 4272 -18
1294 4224 1410 4272 stamme
1428 4222 1488 4270 PB.

163 4297 246 4356 coepit
265 4290 520 4345 clamoreATltTE.
551 4315 581 4326 ·-
611 4291 654 4340 18.
674 4293 778 4354 quidem
797 4293 881 4342 ATR:
902 4295 1005 4355 quidem
1022 4294 1130 4341 idoneus
1150 4292 1248 4341 PBTE.
1277 4319 1306 4329 -
1337 4293 1380 4341 ⁶21.
1400 4293 1490 4341 butue-

162 4365 237 4414 modi
255 4365 336 4414 ABT:
364 4362 494 4413 buirmodt
513 4361 549 4417 P,
578 4361 704 4411 eiusmodi
722 4363 800 4412 RTE.
821 4386 851 4399 -
871 4363 913 4412 24.
935 4361 1008 4426 ipsis]
1028 4364 1087 4412 istis
1105 4363 1200 4412 Dutsb.
1222 4363 1300 4423 Sub,
1320 4362 1358 4412 bie
1378 4365 1397 4411 L
1416 4364 1486 4412 cont.

163 4434 198 4484 Ut
216 4449 278 4493 nos,
299 4439 389 4485 nostrl.
411 4458 442 4470 -
475 4432 518 4481 38.
539 4435 627 4492 pravis
649 4435 736 4497 figura
759 4433 846 4481 PFRT
867 4440 893 4483 et
912 4437 1002 4495 pat:
1032 4435 1122 4500 gracie
1139 4434 1242 4498 {ipuroe
1261 4436 1382 4491 carrd,
1410 4434 1489 4496 pravi

162 4506 335 4570 ppuroeBE.
366 4532 397 4542 -
428 4502 471 4553 ab.
494 4502 662 4552 eiPATRT:
688 4518 718 4553 eo
738 4503 791 4551 BE.
817 4527 844 4538 -
879 4504 921 4552 34.
941 4505 1114 4565 perduellibus
1138 4504 1230 4554 Lemb.
1261 4530 1288 4541 -
1322 4502 1365 4553 ³5.
1385 4505 1488 4554 Penitet

164 4573 355 4638 (sructura.
394 4574 546 4632 Utnos,ll·
584 4573 1035 4624 Verumvltlumvtdetursnbesse.
1074 4574 1239 4632 Anl’uuite,
1261 4591 1290 4627 ex
1312 4580 1485 4637 antiquetur.

160 4647 287 4709 poenitet
311 4646 422 4695 Om-
455 4646 498 4696 37.
518 4644 650 4694 decliuem
671 4645 742 4693 Erl:
770 4643 941 4694 declinassent
961 4646 1088 4700 ΡΑΤΤΤ,
1109 4644 1309 4696 declinavisseut
1330 4645 1390 4701 aa,
1410 4645 1488 4694 decti—

162 4715 374 4766 uoreutOxonn.
391 4717 454 4766 duo.
491 4716 769 4766 blellmdeelinaruut.
790 4714 888 4765 Οιι-
909 4714 1183 4766 oberraruntPffiTT
1205 4715 1393 4765 oberrocerunt
1404 4715 1484 4766 1388

163 4786 350 4847 -spuum
371 4800 416 4850 epe
435 4787 527 4850 pr.‚P
547 4792 571 4838 et
588 4786 802 4848 speciebusue
823 4793 849 4838 et
867 4800 934 4839 corr.
956 4787 1037 4839 P·-
1070 4786 1112 4836 38.
1130 4788 1279 4854 perspicere
1298 4787 1355 4837 PT:
1382 4789 1487 4855 prospe·—

164 4867 220 4907 cere
237 4856 359 4907 ABTRL.
