3232 5392
170 241 231 308 178
692 238 746 303 lte
768 237 956 303 ORATORE

167 408 263 466 tatem
284 397 399 476 luisse,
420 406 472 475 ut,
495 417 567 464 eum
589 395 665 463 lauti
686 400 920 474 accubuissent,
944 394 1110 463 tolleretur
1131 397 1231 463 omnis
1245 395 1300 463 illa
1313 397 1485 483 superioris

165 492 291 561 tristitia
317 493 470 560 sermonis
499 512 598 579 eaque
619 499 703 557 esset
722 491 756 556 iu
776 491 903 558 bomine
925 489 1100 556 iucunditas
1123 499 1155 557 et
1176 499 1278 557 tantus
1298 490 1331 556 in
1353 491 1484 557 iocando

165 586 274 675 lepos,
310 595 346 653 ut
372 587 439 654 dies
466 586 547 652 inter
573 606 629 651 ees
655 586 761 652 curiae
780 583 877 651 inisse
896 583 1073 660 videretur,
1109 584 1288 652 convivium
1310 585 1486 656 Tusculani.

165 684 218 747 28.
241 685 370 746 Postero
391 689 497 747 autem
518 681 584 757 die,
621 700 693 746 cum
714 677 761 744 illi
780 681 915 745 maiores
936 688 1010 745 natu
1041 680 1115 748 satis
1148 679 1325 767 quiessent,
1359 681 1392 745 in
1421 699 1486 744 am·

143 773 355 842 sbulatienem
375 784 501 842 ventum
523 794 591 840 essa
613 772 754 840 dicebat:
778 780 845 837 tum
860 772 1062 852 Scaevolam,
1086 773 1209 841 duobus
1223 774 1330 860 spatiis
1345 773 1486 840 tribusve

164 868 269 947 iactis,
300 869 434 938 dixisse:
472 871 535 936 Cur
555 890 619 935 non
641 868 817 943 imitamur,
841 867 971 945 Crasse,
996 870 1157 935 Socratem
1178 868 1284 944 illum,
1307 870 1361 956 qui
1384 867 1485 934 estin

164 968 308 1032 Phaedro
329 963 488 1031 Platonis?
523 966 601 1028 Nam
622 983 674 1026 me
696 965 776 1027 baec
798 969 851 1028 tua
871 963 1015 1047 platanus
1038 965 1217 1039 admonuit,
1238 983 1320 1051 quae
1342 983 1407 1029 non
1429 961 1486 1026 mi-

163 1084 222 1127 nus
243 1065 283 1128 ad
305 1061 499 1148 opacandum
519 1060 602 1122 bunc
623 1055 727 1121 locum
749 1054 861 1142 patulis
883 1063 930 1120 est
951 1054 1064 1122 diffusa
1085 1059 1181 1124 ramis
1195 1078 1290 1144 quam
1304 1055 1372 1132 illa,
1396 1056 1485 1122 cuius

163 1153 307 1221 umbram
329 1160 453 1220 secutus
475 1157 523 1216 est
544 1153 706 1226 Socrates,
744 1170 825 1235 quae
846 1148 924 1214 mibi
945 1151 1070 1216 videtur
1090 1172 1154 1218 non
1176 1159 1240 1217 tam
1261 1150 1330 1237 ipsa
1351 1149 1482 1237 aquula,

126 1268 244 1335 requae
260 1247 466 1324 describitur,
483 1264 577 1330 quam
593 1242 730 1309 Platonis
744 1244 886 1309 oratione
909 1243 1047 1310 crevisse
1053 1291 1064 1322 ,
1087 1253 1119 1310 et
1139 1244 1226 1332 quod
1243 1243 1297 1311 ille
1311 1243 1485 1310 durissimis

162 1342 296 1430 pedibus
322 1340 413 1418 iecit,
447 1347 483 1405 ut
504 1359 538 1405 se
559 1335 710 1403 abiiceret
729 1339 763 1402 in
785 1336 884 1405 berba
904 1346 998 1424 atque
1023 1339 1068 1405 ita
1092 1339 1164 1416 illa,
1200 1359 1280 1427 quae
1306 1337 1484 1428 philosophi

163 1437 312 1503 divinitus
332 1437 438 1502 ierunt
458 1453 527 1499 esse
549 1433 649 1505 dicta,
685 1433 884 1518 loqueretur,
921 1432 953 1498 id
982 1437 1060 1500 meis
1088 1432 1221 1520 pedibus
1247 1442 1333 1500 certe
1355 1431 1484 1507 concedi

163 1540 210 1598 est
231 1533 373 1617 aequius.
417 1531 470 1594 29.
494 1531 573 1593 Tum
596 1529 757 1593 Crassum:
792 1531 892 1593 Immo
917 1547 994 1595 vero
1016 1528 1211 1594 commodius
1233 1528 1347 1608 etiam3
1384 1527 1485 1613 pulvi·

162 1646 283 1712 uosque
312 1625 494 1712 poposcisse
525 1628 557 1686 et
583 1640 693 1687 omnes
722 1622 755 1686 in
784 1620 824 1686 iis
850 1621 995 1699 sedibus,
1033 1643 1115 1710 quae
1142 1630 1233 1689 erant
1259 1621 1318 1690 sub
1338 1621 1483 1709 platano,

124 1736 153 1778 1⁵
162 1720 341 1788 consedisse
363 1718 498 1784 dicebat.
769 1778 777 1790 ,

131 1838 133 1840 ’
245 1817 330 1885 VIII.
373 1810 438 1890 lbi,
469 1817 504 1875 ut
535 1830 576 1874 ex
605 1807 740 1893 pristine
771 1831 917 1878 sermone
948 1811 1165 1878 relaxarentur
1198 1811 1293 1878 animi
1326 1811 1483 1888 emnium,

162 1909 283 1977 solebat
310 1910 400 1974 Cotta
430 1924 559 1969 narrare
589 1906 733 1970 Crassum
765 1925 943 1972 sermonem
972 1904 1127 1991 quendam
1159 1905 1199 1971 de
1227 1904 1331 1972 studio
1361 1903 1485 1972 dicendi

162 2004 314 2071 intulisse.
359 2003 411 2067 30.
442 1997 505 2076 Qui
526 2017 597 2063 cum
618 1999 662 2063 ita
685 2006 768 2064 esset
788 2020 938 2066 exorsus:
975 2003 1047 2066 Non
1076 1999 1137 2067 sibi
1163 2000 1389 2067 cohortandum
1416 2000 1486 2066 Sul-

162 2100 280 2183 picium
302 2103 334 2162 et
355 2098 476 2162 Cottam
497 2096 553 2158 sed
573 2092 672 2177 magis
694 2101 862 2180 utrumque
888 2093 1127 2161 collaudandum
1154 2095 1277 2174 rideri,
1311 2097 1397 2181 quod
1420 2104 1485 2162 tan·

124 2199 225 2256 rotam
246 2191 309 2256 iam
331 2196 436 2256 essent
455 2190 634 2255 iacrsltatem
655 2188 777 2275 adepti,
813 2198 849 2256 ut
876 2210 940 2255 non
967 2189 1149 2275 aequalibus
1179 2189 1245 2255 suis
1273 2189 1376 2256 selum
1399 2198 1485 2254 ante-

162 2293 372 2369 ponerentur,
407 2285 463 2348 sed
485 2302 557 2349 cum
578 2280 750 2348 maioribus
772 2291 848 2349 natu
869 2291 1145 2366 compararentnr3
1180 2303 1284 2370 neque
1305 2303 1383 2350 vero
1407 2281 1485 2347 mibi

162 2379 346 2467 quidquam,
376 2377 494 2464 inquit,
525 2375 742 2460 praestabilius
764 2377 888 2444 videtur
910 2397 1004 2462 quam
1025 2397 1120 2464 pesse
1141 2375 1275 2443 dicendo
1296 2384 1405 2442 tenere
1429 2376 1485 2441 bo-

161 2473 281 2539 minum
306 2480 430 2548 ceetus,
462 2480 583 2538 mentes
610 2469 751 2547 allicere,
783 2473 958 2539 voluntates
979 2472 1158 2559 impellere,
1192 2492 1255 2557 que
1275 2473 1368 2549 velit,
1401 2471 1484 2539 uude

126 2648 129 2653 Ι
162 2576 267 2633 autem
293 2565 385 2643 velit,
423 2564 589 2632 deducere.
634 2568 721 2630 llaec
750 2586 812 2631 una
835 2586 887 2633 res
907 2568 942 2631 in
963 2566 1049 2632 omni
1069 2565 1171 2632 bbere
1192 2567 1312 2653 popule
1333 2565 1485 2633 maxime-

125 2681 225 2747 rsquc
254 2659 287 2727 in
314 2659 432 2747 pacatis
459 2658 696 2748 tranquillisque
725 2659 902 2728 civitatibus
930 2660 1100 2748 praecipue
1127 2681 1253 2748 semper
1275 2659 1383 2727 floruit
1404 2680 1485 2726 sem·

161 2776 282 2842 perque
304 2753 463 2821 deminuta
483 2763 540 2822 est.
583 2759 634 2820 31.
669 2754 754 2833 Quid
782 2755 865 2821 enim
893 2763 940 2822 est
964 2764 1017 2822 ant
1038 2763 1101 2820 tam
1123 2755 1308 2821 admirabile
1328 2775 1422 2843 mam
1445 2776 1484 2820 ex

161 2849 281 2916 infinita
309 2846 509 2914 multitudine
538 2846 701 2914 bominum
727 2848 879 2914 exsistere
907 2870 1022 2925 mum,
1059 2848 1114 2934 qui
1142 2848 1191 2925 id,
1226 2848 1312 2934 quod
1339 2849 1484 2915 omnibus
1511 2852 1513 2856 '

161 2952 272 3010 natura
293 2945 334 3008 sit
354 2941 479 3019 datum,
513 2943 563 3009 vel
584 2943 669 3010 selus
690 2942 741 3009 vel
762 2963 833 3010 cum
856 2943 962 3031 paucis
988 2942 1094 3009 iacere
1120 2946 1240 3031 possiti
1276 2952 1330 3009 aut
1350 2951 1415 3008 tam
1437 2945 1485 3007 iu·

161 3041 296 3104 cundum
327 3041 453 3123 cognitu
480 3045 573 3124 atque
601 3037 709 3104 auditu
738 3059 832 3123 quam
858 3036 1049 3125 sapientibus
1079 3037 1240 3103 sententiis
1263 3035 1479 3123 gravibusque

125 3131 266 3200 revertis
287 3140 397 3197 ornata
418 3134 518 3199 oratio
540 3141 573 3199 et
593 3132 713 3218 polita?
735 3141 789 3198 aut
803 3142 868 3198 tam
889 3141 1001 3219 petens
1023 3140 1149 3219 tamque
1170 3131 1368 3218 magnificum
1391 3150 1484 3218 quam

162 3226 270 3314 populi
298 3234 420 3301 metus,
455 3228 594 3293 iudicum
626 3225 813 3311 religiones,
849 3235 974 3292 senatus
1007 3227 1190 3313 gravitatem
1219 3227 1313 3293 unius
1342 3227 1484 3292 oratione

163 3321 323 3388 convertit
359 3325 409 3387 32.
441 3320 524 3399 Quid
551 3330 616 3387 tam
645 3340 742 3407 perro
767 3319 908 3406 regium,
944 3331 1007 3387 tam
1033 3320 1182 3400 liberale,
1220 3329 1283 3387 tam
1303 3318 1485 3387 munificum

163 3436 256 3502 quam
277 3435 369 3501 opem
389 3414 475 3481 serre
497 3414 704 3502 supplicibus,
738 3418 877 3482 excitare
899 3413 1045 3492 aiilictos‚
1077 3421 1152 3482 dure
1173 3416 1320 3492 salutem,
1348 3414 1484 3481 liberare

161 3508 329 3594 periculis,
362 3510 500 3575 retinere
528 3510 672 3577 homiues
697 3508 731 3576 iu
758 3511 904 3577 civitate?
940 3510 1025 3589 Quid
1051 3520 1156 3576 autem
1186 3519 1249 3577 tam
1271 3515 1483 3577 necessarium

126 3612 385 3689 ecquamtenere
406 3624 532 3687 semper
553 3626 656 3680 arma,
693 3604 807 3690 quibus
835 3606 885 3673 vel
913 3613 1014 3671 tectus
1034 3605 1102 3692 ipse
1124 3625 1192 3672 esse
1213 3609 1316 3695 possis
1336 3604 1387 3672 vel
1409 3623 1485 3689 pre-

163 3717 276 3764 recarc
298 3701 458 3782 improbos
479 3699 531 3764 vel
551 3707 582 3763 te
604 3698 712 3765 ulcisci
732 3699 914 3766 lacessitus?
946 3703 1128 3787 Agenore,
1150 3721 1190 3767 ne
1211 3721 1336 3788 semper
1356 3699 1482 3776 iorum,

166 3790 333 3868 subsellia,
367 3797 479 3859 Rostra
501 3792 683 3878 curiamque
704 3793 874 3872 meditere,
908 3795 985 3880 quid
1006 3815 1075 3862 esse
1096 3804 1200 3883 potest
1219 3798 1253 3861 in
1274 3797 1339 3862 otio
1361 3801 1416 3860 aut
1436 3793 1484 3859 iu·

162 3886 293 3954 cuudius
313 3894 365 3950 aut
385 3891 483 3971 magis
504 3890 671 3975 proprium
690 3887 891 3956 humanitatis
913 3911 1006 3976 quam
1027 3912 1130 3957 sermo
1150 3890 1268 3957 iueetus
1288 3911 1325 3956 ac
1345 3888 1430 3954 nulla
1450 3890 1483 3954 in

161 4003 198 4047 re
219 3981 324 4048 rudis?
346 3983 414 4046 llec
436 3981 520 4047 enim
540 4003 605 4048 uno
627 3994 821 4069 praestamus
838 3984 888 4052 vel
902 3985 1039 4051 maxime
1053 3983 1145 4062 ieris,
1169 3988 1255 4072 quod
1271 3985 1481 4070 colloquimur

124 4079 244 4144 seinter
264 4097 322 4143 nes
344 4086 375 4143 et
396 4080 481 4164 quod
504 4080 683 4165 exprimere
704 4081 836 4146 dicende
858 4100 949 4147 sensa
969 4100 1147 4168 possumus.
1192 4084 1244 4147 33.
1269 4077 1483 4159 Quamobrem

231 4337 259 4387 ἢ.
278 4336 407 4400 loquendo
424 4334 481 4386 Bit.
504 4357 539 4374 -
566 4336 593 4388 4.
618 4339 648 4389 ie
666 4338 872 4390 ambulationem
887 4345 993 4391 emtum
1010 4350 1063 4390 ests
1082 4336 1187 4390 dicebat
1204 4336 1289 4390 Codd.
1309 4338 1372 4401 altq.
1397 4344 1423 4390 et
1441 4335 1484 4387 at·

163 4407 228 4459 dus:
248 4412 273 4460 st
292 4411 320 4457 ie
338 4406 535 4458 uerberatum
555 4415 636 4471 earet,
664 4410 765 4461 dicebat
782 4408 859 4460 billi.
885 4434 917 4447 -
944 4409 971 4460 8.
991 4407 1090 4473 diffuso
1106 4418 1145 4462 stt
1163 4411 1197 4461 R.
1217 4434 1250 4447 -
1278 4410 1305 4460 9.
1326 4408 1404 4459 cento
1423 4420 1483 4459 eum

162 4477 248 4530 Cedd.
267 4479 330 4541 sllq.
351 4478 383 4527 Τ.
407 4500 434 4511 -·
466 4479 510 4528 11.
530 4479 608 4530 berto
626 4481 694 4532 ult:
712 4480 819 4531 barbam
836 4481 866 4531 ll.
892 4507 924 4518 ·-
953 4479 1002 4530 illc
1020 4494 1073 4531 em.
1094 4481 1126 4531 lt.
1148 4504 1182 4518 -
1211 4480 1255 4532 st.
1276 4483 1306 4531 in
1323 4483 1377 4530 suis
1395 4479 1436 4537 n,
1454 4481 1484 4528 ie

161 4549 201 4600 bis
218 4549 252 4599 lt.
280 4571 312 4583 -
343 4550 386 4598 15.
406 4548 509 4599 dicebat
527 4549 794 4602 delerttLambtous.
828 4574 857 4586 -
888 4551 933 4603 2⁰.
960 4552 1048 4601 selem
1065 4565 1119 4602 em.
1140 4551 1205 4603 Ced·
1226 4553 1360 4602 brntzentt
1386 4549 1483 4611 (nullus

161 4620 232 4682 apud
248 4615 339 4682 T).-
358 4619 402 4670 21.
416 4621 480 4669 mitt
497 4631 560 4669 esre
573 4621 651 4670 [ἰ.-
670 4621 714 4672 23.
728 4629 816 4674 restes
829 4635 882 4673 em.
895 4623 927 4670 B.
944 4648 973 4661 -
994 4622 1101 4686 implere
1119 4623 1152 4672 u.
1169 4649 1198 4660 -
1219 4622 1263 4672 at.
1277 4623 1392 4672 mamete
1402 4621 1435 4668 B.
1451 4645 1480 4656 -

161 4690 206 4740 30.
225 4696 358 4740 recreato
377 4690 409 4737 a.
430 4714 461 4725 -
488 4691 624 4753 perpolita
639 4691 674 4741 R.
694 4717 725 4730 -
756 4693 869 4756 tamque]
889 4699 968 4757 etque
985 4692 1019 4743 lt.
1039 4718 1071 4729 -
1102 4693 1147 4744 st.
1166 4694 1292 4744 indicium
1317 4691 1348 4740 B.
1376 4713 1411 4724 -—
1436 4690 1481 4740 33.

161 4762 304 4810 remutare
322 4759 354 4810 B.
377 4783 404 4794 -
426 4760 469 4810 36.
488 4758 630 4824 improbes]
648 4763 764 4826 inteprer
782 4775 840 4814 enm
860 4763 917 4816 aliis
936 4763 1019 4816 cedd.
1039 4763 1111 4826 Eri,
1131 4768 1198 4816 terte
1217 4764 1290 4814 Harl.
1312 4759 1391 4820 (bltbt
1411 4762 1483 4813 exli

160 4838 280 4882 notatum
299 4845 351 4881 nen
370 4827 449 4891 est),
466 4832 567 4896 tnteper
584 4832 717 4893 improbes
734 4834 874 4888 Mulieres.
895 4858 924 4871 -
955 4848 1047 4888 seruet
1063 4834 1095 4885 B·
1116 4861 1145 4876 -
1173 4834 1218 4886 to.
1238 4839 1264 4886 st
1282 4832 1431 4895 merirum
1449 4832 1482 4885 n.

163 4925 195 4939 -
213 4904 243 4953 ie
260 4901 371 4953 diceudo
388 4901 421 4953 B.
445 4926 474 4938 -
491 4903 622 4966 pessimus
639 4903 673 4954 R.
