3216 5400
697 205 751 270 DE
773 203 962 272 ORATORE

575 838 625 907 M.
654 837 810 907 TULLII
835 835 1083 910 CICERONIS

807 1005 852 1053 ms

518 1134 558 1224 0
609 1135 656 1222 lt
707 1138 761 1224 A
812 1135 854 1222 'l'
907 1133 947 1223 0
999 1135 1047 1222 R
1096 1135 1140 1223 Β

611 1318 764 1394 nsnnn
791 1317 1049 1382 suentense.

723 1513 931 1528 —

165 1725 191 1794 1.
226 1728 255 1794 1.
295 1700 424 1808 Magna
444 1718 536 1786 nobis
555 1717 681 1807 pueris,
717 1719 833 1798 Quinte
861 1716 977 1795 lrater,
1012 1717 1040 1785 si
1064 1722 1217 1786 memoria
1238 1727 1344 1800 tenes,
1379 1723 1489 1809 opinio

164 1817 226 1885 fuit
245 1821 280 1884 L.
296 1819 440 1885 Crassum
460 1834 525 1880 nou
545 1813 616 1898 plus
636 1812 776 1899 attigisse
798 1813 973 1889 doctrinae,
1010 1832 1104 1898 qnam
1131 1822 1284 1902 qnantum
1311 1817 1412 1905 prima
1433 1819 1488 1887 illa

165 1911 280 1998 puerili
301 1909 495 1976 institutione
517 1909 689 1993 potuisset;
726 1909 769 1972 M.
786 1915 892 1973 autem
913 1908 1086 1974 Antonium
1108 1910 1237 1976 omnino
1260 1911 1361 1977 omnis
1383 1914 1489 1980 erudi-

164 2009 260 2074 tionis
281 2011 443 2091 expertem
466 2008 560 2086 atque
582 1999 727 2086 ignarum
747 1999 863 2080 fuisse;
899 2007 1049 2088 erantque
1069 2004 1176 2077 multi,
1204 2002 1276 2089 qui,
1299 2027 1488 2094 quamquam

143 2120 231 2168 enon
251 2101 294 2165 ita
316 2119 351 2163 se
372 2117 440 2162 rem
461 2098 581 2161 babere
603 2098 849 2172 arbitrarentur,
885 2102 1004 2171 tamen,
1034 2116 1097 2183 quo
1118 2095 1240 2163 facilius
1260 2120 1319 2165 nos
1341 2101 1486 2168 incensos

165 2193 268 2262 studio
297 2190 436 2259 discendi
465 2191 648 2256 adoctrina
671 2192 884 2265 deterrerent,
906 2191 1044 2255 libenter
1064 2192 1115 2266 id,
1144 2196 1230 2277 quod
1254 2192 1334 2269 dixi,
1363 2198 1403 2261 de
1424 2195 1486 2262 illis

165 2285 344 2356 oratoribus
376 2284 609 2374 praedicarent,
643 2292 695 2360 ut,
729 2285 755 2348 si
784 2284 928 2348 homines
959 2302 1024 2349 non
1055 2287 1169 2351 eruditi
1200 2307 1353 2355 summam
1382 2299 1487 2357 essent

164 2384 360 2469 prudentiam
379 2388 472 2468 atque
487 2377 705 2446 incredibilem
720 2378 930 2462 eloquentiam
946 2381 1120 2456 consecuti,
1144 2381 1246 2447 inanis
1261 2386 1363 2449 omnis
1377 2395 1486 2451 noster

165 2496 234 2542 esse
254 2477 347 2540 labor
367 2481 400 2539 et
421 2472 549 2539 stultum
570 2471 602 2538 in
624 2474 717 2537 nobis
740 2470 921 2537 crudiendis
942 2474 1041 2555 patris
1062 2476 1179 2551 nostri,
1214 2476 1326 2559 optimi
1354 2499 1390 2544 sc
1411 2500 1486 2568 pru-

126 2567 335 2638 ardentissimi
362 2566 440 2644 viri,
476 2568 613 2633 studium
643 2565 813 2632 videretur.
856 2567 887 2629 Β.
912 2567 999 2643 Quos
1029 2576 1112 2643 tum,
1148 2575 1183 2633 ut
1202 2573 1310 2652 pueri,
1343 2571 1482 2641 refutare

164 2663 344 2730 domesticis
365 2658 510 2737 testibus,
545 2669 635 2747 patre
657 2669 689 2726 et
711 2663 743 2727 C.
759 2660 936 2735 Aculeone,
964 2663 1144 2749 propinquo
1166 2673 1296 2741 nostro,
1327 2673 1360 2731 et
1381 2670 1417 2732 L.
1435 2671 1486 2735 Ci-

164 2776 296 2833 cerone,
330 2765 462 2844 patruo,
497 2758 690 2832 solebamus,
724 2757 810 2842 quod
831 2752 871 2819 de
893 2756 1005 2819 Crasso
1027 2764 1117 2841 pater
1138 2765 1170 2821 et
1191 2760 1309 2824 Aculeo
1333 2765 1484 2847 (quocum

163 2859 233 2918 erat
251 2859 359 2917 nostra
379 2853 582 2928 matertera),
606 2869 701 2936 quem
723 2852 851 2915 Crassus
874 2849 985 2913 dilexit
1007 2868 1047 2914 ex
1069 2848 1215 2916 omnibus
1237 2853 1428 2938 plurimum,
1452 2862 1484 2922 et

161 2952 305 3032 patruus,
337 2946 391 3032 qui
417 2964 488 3009 cum
515 2945 652 3009 Antonio
674 2942 707 3008 in
729 2940 870 3008 Ciliciam
891 2939 1050 3029 proiectus
1071 2963 1136 3008 una
1157 2944 1353 3026 decesserat,
1385 2954 1483 3017 multa

124 3065 153 3108 ss
162 3041 255 3106 nobis
276 3042 317 3104 de
338 3038 406 3104 eius
427 3036 531 3103 studio
551 3038 757 3123 doctrinaque
779 3056 872 3122 saepe
893 3039 1046 3117 narravit;
1068 3059 1202 3126 cumque
1227 3062 1286 3107 nos
1311 3065 1382 3108 cum
1407 3065 1484 3111 con·

162 3131 299 3200 sobrinis
319 3132 451 3207 ansuis,
481 3129 648 3197 Aculeonis
669 3128 759 3205 liliis,
788 3137 820 3195 et
841 3150 878 3195 ea
900 3129 1109 3211 disceremus,
1140 3155 1221 3221 quae
1244 3139 1355 3203 Crasso
1376 3140 1484 3222 place-

161 3236 252 3305 rent,
276 3235 308 3294 et
327 3230 368 3292 ab
389 3227 428 3290 iis
449 3227 645 3301 doctoribus,
667 3226 781 3311 quibus
802 3222 857 3289 ille
871 3231 1032 3304 uteretur,
1056 3226 1270 3306 erudiremur,
1293 3233 1388 3297 etiam
1402 3235 1482 3299 illud

162 3340 257 3407 saepe
283 3320 513 3395 intelleximus,
544 3339 616 3384 cum
643 3339 782 3385 essemus
803 3318 826 3399 †
847 3321 1021 3398 eiusmodi,
1055 3325 1141 3407 quod
1170 3325 1220 3388 vel
1248 3325 1340 3412 pueri
1361 3329 1479 3392 sentire

161 3425 360 3504 poteramus,
396 3413 483 3481 illum
506 3419 539 3479 et
560 3417 678 3480 Graece
700 3414 746 3478 sio
767 3414 872 3500 loqui,
907 3413 1022 3480 nullam
1051 3424 1086 3481 ut
1112 3437 1206 3483 nosse
1228 3419 1321 3485 aliam
1342 3418 1481 3506 linguam

123 3510 337 3587 recideretur,
372 3517 406 3575 et
425 3506 606 3575 doctoribus
628 3507 742 3573 nostris
764 3527 802 3572 ea
821 3528 942 3594 ponere
964 3511 996 3574 in
1018 3514 1240 3596 percontando.
1255 3534 1354 3600 eaque
1375 3514 1480 3602 ipsum

161 3607 248 3672 omni
277 3607 311 3671 in
341 3624 486 3670 sermone
517 3609 670 3679 tractare,
704 3608 740 3668 ut
767 3602 846 3666 nibil
875 3623 943 3668 esse
973 3604 1001 3669 ei
1030 3623 1166 3681 novum,
1202 3607 1280 3673 nibil
1301 3607 1477 3676 inauditum

159 3701 333 3768 videretur.
377 3701 408 3764 3.
430 3699 479 3762 De
499 3695 636 3762 Antonio
656 3715 748 3771 vero,
784 3716 973 3783 quamquam
993 3718 1088 3786 saepe
1109 3720 1150 3765 ex
1171 3701 1398 3769 humanissimo
1418 3707 1478 3770 bo·

159 3791 260 3870 mine,
289 3790 402 3880 pa'truo
423 3798 547 3866 nostro,
579 3811 815 3875 acceperamus,
844 3793 1107 3878 quemadmodum
1128 3793 1181 3861 ille
1203 3798 1255 3861 vel
1275 3799 1406 3862 Atbenis
1427 3797 1479 3866 ael

159 3886 262 3954 Rbodi
284 3908 318 3953 se
339 3885 591 3953 doctissimorum
611 3886 774 3951 bominum
794 3884 992 3952 sermonibus
1014 3889 1165 3963 dedisset,
1189 3897 1293 3956 tamen
1314 3892 1381 3977 ipse
1402 3891 1479 3958 ado-

121 3981 363 4059 eslesoentulus,
386 3988 534 4069 quantum
556 3977 639 4045 illius
659 3978 797 4045 ineuntis
819 3981 928 4045 aetatis
943 4001 1031 4046 meae
1045 3983 1224 4066 patiebatur
1237 3986 1356 4067 pudor,
1381 3986 1478 4054 multa

160 4099 200 4146 ex
222 4099 261 4145 eo
283 4097 377 4161 saepe
397 4074 549 4162 quaesivi.
590 4075 660 4139 Non
682 4073 744 4139 erit
762 4072 905 4157 prolecto
920 4072 996 4152 tibi,
1020 4074 1105 4163 quod
1123 4079 1242 4154 scribo,
1264 4077 1325 4145 boc
1339 4100 1475 4161 novum;

159 4193 232 4240 narn
252 4175 316 4238 iam
335 4180 401 4238 tum
430 4191 472 4236 ex
503 4190 554 4233 me
582 4166 732 4232 audiebas
762 4166 839 4232 mibi
866 4167 953 4235 illum
982 4192 1022 4235 ex
1050 4170 1155 4236 multis
1176 4171 1332 4259 variisque
1353 4193 1475 4239 sermo·

158 4266 249 4334 nibus
270 4266 384 4333 nullius
406 4267 468 4342 rei,
501 4282 582 4350 quae
607 4263 734 4348 quidem
763 4269 846 4328 esset
870 4263 903 4329 in
923 4265 973 4328 bis
994 4261 1130 4343 artibus,
1163 4269 1203 4331 de
1224 4265 1337 4354 quibus
1358 4267 1475 4355 aliquid

226 4513 253 4565 5.
272 4527 298 4567 se
315 4513 362 4579 bg.
382 4524 464 4576 prope
482 4524 573 4564 omnes
589 4523 596 4561 s
611 4522 664 4562 esee
681 4509 761 4561 ΒΒΒ.
777 4531 806 4547 -
825 4508 853 4561 d.
873 4510 991 4562 dtseesdt
1008 4508 1092 4564 codd.
1112 4512 1167 4574 et,
1187 4513 1228 4564 n:
1247 4514 1353 4566 dicende·
1369 4514 1424 4566 ΒΕ.
1439 4539 1473 4554 -·

158 4580 185 4634 Β.
206 4592 270 4636 esset
286 4585 320 4635 a.
350 4610 379 4623 -
412 4584 455 4635 12.
481 4596 591 4648 quocum
608 4589 694 4645 napta
710 4582 745 4632 a.
772 4604 804 4617 -
834 4582 877 4633 15.
896 4583 1010 4633 eobrtsda
1027 4582 1059 4632 Β.
1078 4604 1110 4621 -
1140 4584 1184 4635 17.
1203 4585 1237 4636 so
1256 4584 1340 4637 Codd.
1359 4585 1413 4637 alt
1433 4588 1473 4639 tte

158 4652 235 4704 aas.
256 4680 285 4692 -
305 4652 348 4707 18.
368 4654 424 4704 etse
441 4654 512 4705 donat
529 4652 702 4714 Gnttelmtus,
722 4651 793 4716 quod
812 4651 906 4714 placet.
926 4653 975 4705 Vr.
995 4667 1053 4703 eom
1071 4666 1181 4705 asemas
1198 4657 1326 4707 etssmedt
1343 4655 1472 4710 Lembtno

158 4731 265 4776 anctore
291 4724 398 4776 seclusit
423 4724 535 4778 Ellendt.
572 4724 669 4776 Contra
692 4723 775 4777 Bello
800 4729 924 4785 suspecta
948 4730 1011 4775 sunt
1037 4737 1079 4776 rr.
1105 4724 1175 4789 qdod
1192 4751 1203 4763 -
1221 4751 1232 4763 ·
1247 4735 1412 4791 poteramus.
1437 4753 1469 4764 -

157 4794 201 4845 2⁰.
219 4806 367 4858 proponere
384 4795 417 4844 n.
439 4819 468 4832 ·-
485 4793 680 4858 percunctando
700 4795 731 4846 Β.
752 4817 783 4830 -
801 4795 857 4857 lpse
875 4795 947 4844 omni
963 4807 1078 4846 sermons
1097 4793 1160 4858 (om.
1178 4793 1219 4862 ts)
1236 4798 1270 4850 n.
1292 4817 1323 4839 ι·
1341 4799 1385 4850 21.
1403 4797 1472 4852 eust

158 4867 273 4920 ducere
290 4864 322 4916 Β.
344 4890 372 4904 -
391 4865 434 4918 24.
451 4866 593 4920 dedidisset
609 4867 642 4919 n.
660 4890 695 4903 -
711 4861 777 4933 lpas]
795 4865 838 4919 tlte
854 4864 887 4919 B.
910 4887 938 4902 ··
957 4865 1001 4918 28.
1020 4867 1061 4917 sss·
1078 4879 1130 4920 orn.
1149 4866 1181 4918 Β.
