3232 5392
677 212 712 278 C.
736 213 863 284 6361.
888 215 941 280 65.
1404 216 1467 281 381

146 388 219 446 tuor
240 385 272 443 et
293 373 497 462 quadraginta
517 371 627 438 inisse.
672 375 742 438 Hoc
764 375 804 437 de
826 381 952 439 oratore
973 372 1079 461 paullo
1106 378 1179 458 post
1198 372 1291 457 plura
1312 370 1487 454 dicemus3·

147 479 208 540 hoc
227 481 331 538 autem
350 472 422 536 loco
443 468 599 536 voluimus
615 478 750 534 aetatem
769 467 803 532 in
821 467 977 554 disparem
990 477 1149 534 oratomm
1162 466 1338 534 includere:
1363 488 1471 554 quam-

148 589 241 655 quam
263 566 294 632 id
317 564 443 652 quidem
465 561 611 628 omnibus
632 584 690 628 usu
713 563 822 627 venire
843 583 972 628 necesse
995 562 1069 636 luit,
1097 559 1210 649 quibus
1224 562 1331 647 paullo
1347 560 1472 647 longior

146 667 210 728 vita
238 663 385 745 contigit,
424 667 458 723 ut
484 666 516 722 et
545 680 617 723 cum
646 659 746 723 multo
768 659 941 723 maioribus
963 667 1058 733 natu,
1097 676 1191 740 quam
1214 665 1318 722 essent
1339 655 1416 738 ipsi,
1440 662 1473 720 et

148 779 220 823 curn
241 754 401 840 eliquanto
424 750 598 817 minoribus
620 760 888 837 compararentur.
930 754 968 816 Ut
989 753 1101 816 Accius
1122 751 1234 816 iisdem
1257 749 1412 816 aedilibus
1429 752 1495 815 aits

148 874 182 917 se
205 859 237 916 et
257 852 424 915 Pacuvium
446 850 592 912 docuisse
613 844 770 923 fabulam,
795 866 866 909 cum
881 845 935 910 ille
950 846 1126 929 octoginta,
1149 848 1217 932 ipse
1231 845 1359 931 triginta
1373 864 1473 911 annos

148 955 238 1011 natus
260 952 361 1009 esset:
399 945 473 1008 130.
498 943 543 1007 sic
565 942 751 1006 Hortensius
773 958 836 1004 non
859 960 930 1004 curn
959 942 1025 1004 suis
1052 939 1236 1025 aequalibus
1264 942 1383 1016 solum,
1416 938 1474 1006 sed

148 1051 181 1107 el
200 1060 270 1105 mea
292 1059 364 1103 cum
386 1045 487 1102 aetate
510 1046 540 1102 et
562 1056 632 1099 cunr
655 1044 723 1110 tua,
745 1036 861 1109 Brute,
880 1043 912 1099 et
933 1054 1004 1099 cum
1026 1033 1186 1121 aliquanto
1211 1037 1376 1120 superiore
1398 1056 1474 1103 con·

148 1137 302 1220 iungitur3
339 1129 495 1216 siquidem
525 1138 557 1195 et
584 1129 696 1194 Crasso
727 1129 799 1192 vivo
826 1126 931 1193 dicere
957 1127 1077 1193 solebat
1104 1140 1136 1194 et
1164 1133 1264 1215 magis
1293 1133 1354 1197 iam
1377 1133 1471 1197 eliam

148 1229 273 1315 vigebat
293 1225 429 1292 Antonio
452 1234 484 1290 et
505 1246 576 1291 cum
598 1223 741 1310 Philippo
764 1221 825 1288 iam
847 1243 923 1289 sene
937 1242 997 1309 pro
1014 1222 1069 1288 Cn.
1088 1224 1229 1308 Pompeii
1244 1224 1336 1290 bonis
1351 1224 1513 1291 dicentem

148 1325 180 1387 in
204 1323 257 1387 illa
278 1341 386 1395 causa,
409 1318 592 1385 adolescens
613 1338 684 1383 cum
706 1327 806 1393 esset,
831 1321 977 1402 princeps
999 1315 1058 1382 luit
1079 1319 1164 1381 etin
1186 1340 1317 1396 eorum,
1341 1339 1421 1406 quos
1441 1321 1475 1386 in

150 1416 280 1501 Sulpicii
302 1406 403 1480 aetate
424 1414 536 1500 posui,
563 1433 730 1477 numerum
752 1409 843 1476 facile
866 1418 1052 1496 pervenerat
1074 1419 1106 1475 et
1127 1431 1201 1476 suos
1222 1415 1307 1478 inter
1327 1415 1475 1499 aequales

149 1513 190 1575 ld.
206 1512 370 1587 Pisonem,
394 1512 437 1574 11.
454 1510 616 1581 Crassum,
639 1507 696 1570 Cn.
713 1505 897 1583 Lentulum,
914 1509 948 1570 P.
966 1505 1132 1570 Lentulum
1148 1508 1258 1572 Suram
1274 1510 1369 1595 longe
1384 1529 1476 1597 prae-

150 1603 227 1671 stitit
248 1614 280 1670 et
299 1626 350 1669 me
372 1604 603 1668 adolescentem
625 1608 734 1666 nactus
755 1608 828 1665 octo
849 1602 938 1665 annis
959 1601 1134 1676 minorem,
1171 1622 1264 1687 quarn
1292 1613 1360 1669 erat
1387 1607 1473 1692 ipse,

151 1699 266 1764 multos
296 1719 396 1764 annos
425 1699 457 1762 in
485 1695 586 1761 stadio
613 1695 754 1760 eiusdem
780 1693 880 1761 laudis
908 1695 1050 1761 exercuit
1071 1706 1102 1759 cl
1123 1704 1225 1760 tecum
1249 1696 1358 1773 simul,
1395 1702 1513 1765 sicutti

152 1812 211 1877 ego
232 1813 292 1876 pro
315 1791 439 1868 multis,
463 1791 509 1856 sie
529 1790 584 1855 ille
604 1809 662 1876 pro
683 1791 787 1873 Appio
810 1787 940 1854 Claudio
963 1787 1043 1853 dixit
1064 1788 1169 1872 paullo
1191 1799 1262 1855 ante
1284 1802 1431 1859 mortens.

234 1891 330 1954 va.
354 1890 426 1952 131.
462 1887 559 1953 Vides
581 1885 690 1968 igitur,
714 1893 748 1947 ut
769 1881 809 1948 ad
830 1891 860 1947 te
882 1892 1058 1956 oratorem,
1081 1886 1193 1958 Brute,
1217 1885 1474 1968 pervenerimus,

152 1990 214 2046 mm
244 1980 349 2045 multis
381 1980 465 2045 inter
490 1988 633 2043 nostrum
662 1985 814 2064 tuumque
836 1976 960 2042 initium
983 1974 1107 2042 dicendi
1129 1976 1323 2063 interpositis
1345 1982 1478 2046 oratori-

152 2073 230 2140 busl
253 2076 440 2159 exquibus,
464 2075 613 2158 quoniam
628 2074 660 2136 in
674 2072 734 2138 hoc
756 2092 903 2138 sermone
924 2079 1033 2136 nostro
1057 2072 1151 2135 statui
1172 2074 1331 2139 neminem
1354 2093 1477 2149 eorum,

153 2169 206 2255 qui
234 2170 394 2245 viserent,
429 2167 610 2259 nominare,
644 2189 685 2231 ne
713 2187 770 2232 vos
800 2168 955 2232 curiosius
984 2164 1139 2231 eliceretis
1167 2187 1208 2230 ex
1229 2186 1299 2242 me,
1339 2169 1416 2253 quid
1437 2170 1516 2234 dees

154 2284 281 2350 quoque
302 2262 496 2338 iudicarem,
519 2282 592 2337 cos,
614 2261 668 2347 qui
689 2263 751 2326 iarn
774 2269 847 2326 sunt
868 2261 1004 2336 mortni,
1027 2258 1212 2326 nominabo.
1255 2266 1333 2326 Tum
1348 2265 1477 2340 Brutus,

153 2360 222 2421 Non
244 2366 309 2433 est,
332 2358 453 2442 inquit,
477 2358 537 2421 ista
558 2375 667 2428 causa,
691 2374 784 2440 quam
806 2354 901 2430 dicis,
923 2357 1130 2439 quamobrem
1153 2356 1192 2419 de
1209 2353 1267 2431 iis,
1292 2355 1346 2442 qui
1360 2356 1478 2431 vivunt,

154 2451 232 2516 nihil
261 2452 338 2519 velis
367 2451 481 2516 dicere.
526 2451 687 2526 Quaenam
709 2451 822 2532 igitur,
854 2452 1000 2532 inquam,
1035 2453 1105 2514 estl
1141 2448 1254 2514 Vereri
1275 2457 1323 2525 te,
1356 2451 1477 2536 inquit,

154 2546 309 2619 arbitror,
332 2567 372 2611 ne
393 2567 451 2630 per
471 2565 530 2610 nos
551 2548 603 2609 hic
624 2563 727 2609 sermo
751 2552 821 2608 tuus
844 2551 970 2609 emanet
990 2551 1022 2607 el
1042 2542 1065 2607 ii
1084 2540 1142 2606 tibi
1157 2552 1377 2619 succenseant,
1400 2564 1479 2631 quos

154 2640 366 2723 praeterieris.
412 2641 517 2716 Qnidl
553 2659 625 2710 vos,
654 2636 800 2722 inquam,
831 2647 936 2704 tacere
958 2657 1022 2701 non
1045 2638 1209 2720 poteritis?
1245 2641 1309 2704 Nos
1331 2637 1517 2723 quidem,ee

155 2732 274 2816 inquit,
307 2732 469 2811 lacillimc3
505 2730 563 2798 sed
584 2741 688 2796 tamen
709 2741 740 2797 tc
762 2730 899 2797 arbitror
918 2730 1011 2795 malle
1032 2730 1133 2814 ipsum
1157 2738 1262 2796 lacere
1286 2753 1380 2820 quam
1401 2734 1479 2798 taci-

156 2825 336 2893 turnitatem
359 2836 498 2892 nostram
520 2826 670 2913 experiri.
714 2829 787 2892 131.
812 2830 891 2890 Tum
907 2844 983 2910 ego,
1005 2828 1088 2890 Vere
1101 2824 1175 2902 tibi,
1199 2826 1346 2912 inquam,
1370 2832 1478 2901 Brute.

156 2920 268 2985 dicam.
310 2923 381 2986 Non
401 2941 452 2986 me
473 2920 650 2987 existimavi
671 2919 704 2985 in
727 2920 788 2986 hoc
808 2939 953 2986 sermone
975 2940 1076 3006 usque
1098 2918 1241 2985 adhunc
1262 2929 1396 2987 aetatem
1410 2940 1480 2988 esee

156 3022 342 3092 venturum
380 3013 436 3080 sed
463 3014 506 3081 ita
535 3017 630 3079 traxit
652 3018 732 3081 ordo
754 3024 889 3082 aetatum
913 3016 1106 3091 orationem,
1141 3022 1176 3080 ut
1196 3017 1259 3081 iarn
1280 3018 1321 3081 ad
1341 3018 1481 3083 minores

157 3109 250 3173 etiam
279 3112 487 3193 pervenerim.
530 3112 696 3195 Interpone
723 3109 834 3194 igitur,
867 3110 985 3195 inquil,
1021 3111 1048 3173 si
1078 3130 1158 3197 quos
1183 3108 1327 3188 ridetur3
1366 3109 1516 3177 deindeee

157 3205 323 3268 redeamus
344 3205 384 3268 ad
404 3212 435 3268 te
459 3211 491 3268 el
511 3202 551 3268 ad
572 3203 788 3275 Hortensium.
832 3207 932 3270 lmmo
959 3224 1057 3281 vero,
1092 3206 1238 3292 inquam,
1276 3204 1316 3270 ad
1344 3207 1482 3271 Horten-

158 3299 238 3362 sium
246 3318 256 3376 ;
292 3295 331 3362 de
353 3317 404 3362 me
426 3297 478 3362 alii
500 3296 622 3374 dicent,
655 3298 682 3363 si
704 3301 757 3384 qui
783 3299 900 3365 volent.
944 3299 1075 3366 Minime
1104 3319 1201 3374 vero,
1239 3298 1356 3385 inquit:
1393 3319 1481 3379 nam,

158 3393 216 3457 elsi
238 3412 289 3457 me
310 3389 401 3457 lacile
423 3394 508 3457 omni
530 3402 585 3458 tuo
606 3412 753 3458 sermone
776 3394 920 3471 tenuisti,
957 3403 1062 3460 tamen
1091 3394 1119 3458 is
1148 3394 1226 3457 mihi
1248 3395 1374 3478 longior
1393 3393 1483 3460 ride·

158 3495 225 3562 tur,
247 3487 332 3573 quod
352 3506 490 3573 propero
512 3490 620 3553 audire
642 3491 682 3553 de
704 3497 748 3566 te;
771 3509 830 3553 nec
850 3508 926 3554 vero
949 3495 1014 3554 um
1029 3487 1069 3553 de
1082 3486 1252 3554 virtutibus
1267 3486 1392 3553 dicendi
1406 3487 1481 3566 tuis,

159 3603 325 3669 quaecum
347 3581 508 3658 omnibus,
530 3591 597 3648 tum
618 3591 704 3648 certe
726 3584 804 3647 mihi
826 3585 1006 3649 notissimae
1027 3592 1117 3660 sunt,
1142 3604 1237 3668 quam
1258 3586 1345 3668 quod
1367 3585 1520 3669 gradueas

160 3684 231 3742 tuos
253 3686 284 3742 ct
305 3678 394 3762 quasi
416 3696 581 3760 processus
603 3675 725 3742 dicendi
754 3678 865 3742 studeo
893 3697 1096 3761 cognoscere.
1141 3681 1215 3744 133.
1251 3680 1404 3756 Gerelur,
1434 3680 1483 3744 in·

160 3791 271 3857 quarn,
295 3770 351 3835 tibi
374 3791 462 3847 mos,
496 3774 644 3859 quoniam
665 3791 716 3836 me
737 3791 802 3835 non
823 3771 942 3855 ingenii
963 3770 1213 3859 praedicatorem
1237 3792 1306 3838 esse
1327 3778 1394 3851 vie,
1425 3775 1483 3840 sed

160 3863 279 3930 laboris
299 3868 373 3932 mei.
415 3872 533 3934 Verum
554 3866 770 3952 interponam,
799 3874 835 3932 ut
855 3864 974 3952 placet,
1008 3865 1088 3933 alios
1108 3874 1142 3932 et
1161 3887 1179 3932 a
1200 3870 1243 3934 Μ.
1261 3867 1393 3945 Crasso,
1427 3864 1484 3952 qui

160 3959 220 4026 luit
240 3963 378 4047 aequalis
399 3960 578 4036 Hortensii,
601 3960 760 4025 exordiar.

231 4172 258 4222 1.
277 4177 390 4224 aetutem
406 4173 435 4222 lo
452 4173 585 4235 disparem
605 4178 742 4222 oratorum
758 4169 892 4223 includere
908 4170 975 4224 (lod.
994 4172 1060 4236 lieu.
1080 4173 1118 4233 ll,
1136 4174 1160 4225 u
1179 4171 1244 4237 (estc
1262 4174 1313 4225 liu.
1331 4187 1372 4237 pr.
1388 4171 1486 4226 leben

163 4242 272 4295 terior.»
293 4244 435 4296 Essenos.
472 4245 556 4295 luno
574 4243 662 4294 hebet.
683 4239 744 4306 Oe.)
779 4242 934 4295 Manutius:
957 4249 1071 4294 uectem
1087 4247 1117 4295 iu
1133 4246 1268 4306 &sperem
1286 4251 1426 4295 oratorum
1443 4256 1487 4295 ee·

162 4319 242 4366 tutem
259 4315 393 4365 includere
412 4315 496 4366 Codd.
510 4316 574 4378 lieu.
593 4314 673 4365 Aci).
693 4313 745 4364 (iu.
760 4315 785 4365 1.
799 4314 827 4364 1.
845 4312 941 4365 Dreed.
955 4316 1017 4364 Aac.
1036 4314 1131 4374 Peter,
1151 4322 1263 4367 mactem
1280 4317 1335 4366 due
1348 4316 1380 4367 io
1399 4315 1487 4378 diepa·

162 4399 218 4435 rem
235 4392 374 4435 oratorum
391 4391 505 4437 aetutem
522 4385 656 4437 includere
673 4396 733 4435 cum
751 4383 879 4436 ambobus
897 4383 1038 4447 stephanie
1057 4391 1084 4435 et
1101 4385 1194 4437 Lemb.
1207 4387 1239 4437 Β.
1253 4410 1285 4425 -
1304 4387 1332 4438 ll.
1350 4385 1442 4437 Attius
1453 4384 1486 4443 1.

163 4462 194 4507 ut
212 4469 325 4518 semper.
347 4480 378 4494 -
396 4459 440 4506 10.
459 4457 561 4523 uipedut
578 4456 697 4507 Antonio
714 4454 818 4515 (idest,
837 4454 929 4507 tortior
941 4462 967 4507 el
979 4459 1066 4507 ecstor
1077 4456 1224 4508 hebebatur
1237 4469 1316 4521 quem
1329 4449 1487 4517 Antoninis)

164 4527 223 4577 libri
243 4535 269 4578 et
286 4527 327 4576 lt:
346 4528 452 4591 viselat
470 4541 527 4577 cum
545 4527 661 4577 Ausonio
678 4525 748 4577 Rob.
762 4525 896 4589 Stephano
916 4533 1025 4578 auclore
1043 4528 1074 4578 ll.
1095 4550 1128 4562 -
1155 4528 1256 4579 dicente
1273 4528 1303 4578 iu
1320 4527 1370 4579 illu
1387 4524 1485 4584 Aldus,

164 4598 276 4648 Lenem:
306 4597 414 4649 dicente.
451 4597 485 4648 lu
501 4598 551 4648 illo
568 4597 624 4648 llll.
645 4620 676 4637 -
705 4597 749 4647 15.
767 4596 856 4647 studio
874 4597 951 4652 uiris
970 4606 1077 4650 auctore
1095 4596 1204 4650 lemn:
1231 4599 1319 4650 etauio
1338 4610 1398 4649 eum
1415 4596 1487 4647 llllrls

164 4669 226 4728 uim
253 4675 280 4720 et
296 4668 346 4719 hoc
371 4670 553 4730 praetulerunt
575 4667 653 4721 Peter
676 4673 757 4732 etque
783 4667 898 4718 Ellendt.
925 4695 960 4705 —
986 4670 1029 4719 10.
1052 4670 1180 4732 eliceretis
1196 4668 1299 4720 ABCD.
1318 4669 1364 4733 Lg.
1383 4671 1488 4731 prester

164 4741 209 4790 10.
228 4738 272 4791 53.
291 4739 336 4790 08.
355 4739 400 4791 io.
419 4738 486 4791 Ven·
506 4742 533 4790 1.
553 4738 613 4789 Vel.
634 4738 685 4790 Gu-
700 4742 726 4791 1.
741 4739 768 4788 ⁶2.
787 4738 883 4790 Dresd.
903 4738 1077 4792 llmendetum
1097 4744 1176 4792 etiem
1191 4741 1218 4790 ln
1236 4740 1269 4790 u.
1290 4764 1319 4777 -
1339 4739 1383 4790 11.
1402 4735 1486 4788 lsiell·

166 4834 198 4848 -
217 4810 261 4861 17.
281 4811 331 4861 illi
347 4813 456 4874 iuquam
474 4809 508 4860 Ι).
527 4809 575 4875 Lg-
595 4822 686 4861 omnes
705 4814 811 4873 praeter
828 4809 909 4866 duos,
939 4810 992 4863 liu.
1011 4812 1036 4861 1.
1056 4810 1095 4861 u:
1121 4813 1228 4877 iuquam
1245 4809 1295 4861 uli
1311 4808 1358 4874 ις.
1377 4807 1423 4861 10.
1441 4806 1487 4861 is.

167 4880 219 4934 (iu.
231 4882 259 4933 1.
277 4881 372 4935 Dreed.
390 4881 422 4935 11.
441 4906 473 4920 -
492 4880 537 4936 31.
556 4880 650 4935 meat
667 4879 781 4934 metebel
799 4880 947 4937 Emeetlue.
968 4905 999 4921 -
1018 4879 1063 4937 35.
1082 4882 1156 4946 quod
1172 4880 1280 4935 seclusit
1297 4878 1329 4930 ll.
