<?xml version="1.0" encoding="UTF-8"?>
<!DOCTYPE html PUBLIC "-//W3C//DTD XHTML 1.0 Transitional//EN"
    "http://www.w3.org/TR/xhtml1/DTD/xhtml1-transitional.dtd">
<html xmlns="http://www.w3.org/1999/xhtml" xml:lang="en" lang="en">
 <head>
  <title>
</title>
<meta http-equiv="Content-Type" content="text/html;charset=utf-8" />
  <meta name='ocr-system' content='tesseract 3.04.00' />
  <meta name='ocr-capabilities' content='ocr_page ocr_carea ocr_par ocr_line ocrx_word'/>
</head>
<body>
  <div class='ocr_page' id='page_1' title='image "./operaquaesupers04halmgoog/operaquaesupers04halmgoog_0290.png"; bbox 0 0 3232 5392; ppageno 0'>
   <div class='ocr_carea' id='block_1_1' title="bbox 646 228 1453 294">
    <p class='ocr_par' dir='ltr' id='par_1_1' title="bbox 646 228 1453 294">
     <span class='ocr_line' id='line_1_1' title="bbox 646 228 1453 294; baseline -0.002 -1"><span class='ocrx_word' id='word_1_1' title='bbox 646 230 723 294; x_wconf 76' lang='grc' dir='ltr'>ΠΒ.</span> <span class='ocrx_word' id='word_1_2' title='bbox 748 231 788 292; x_wconf 93' lang='lat' dir='ltr'>ll.</span> <span class='ocrx_word' id='word_1_3' title='bbox 835 228 869 290; x_wconf 85' lang='lat' dir='ltr'>C.</span> <span class='ocrx_word' id='word_1_4' title='bbox 894 230 945 290; x_wconf 87' lang='grc'><strong>67.</strong></span> <span class='ocrx_word' id='word_1_5' title='bbox 1392 231 1453 292; x_wconf 84' lang='grc'><strong>275</strong></span> 
     </span>
    </p>
   </div>
   <div class='ocr_carea' id='block_1_2' title="bbox 126 384 1534 3651">
    <p class='ocr_par' dir='ltr' id='par_1_2' title="bbox 126 384 1534 3651">
     <span class='ocr_line' id='line_1_2' title="bbox 127 384 1455 470; baseline -0.003 -17"><span class='ocrx_word' id='word_1_6' title='bbox 127 387 241 454; x_wconf 90' lang='lat' dir='ltr'>ditet</span> <span class='ocrx_word' id='word_1_7' title='bbox 263 397 419 453; x_wconf 88' lang='lat' dir='ltr'>taurum</span> <span class='ocrx_word' id='word_1_8' title='bbox 441 385 670 452; x_wconf 84' lang='lat' dir='ltr'>immolavit</span> <span class='ocrx_word' id='word_1_9' title='bbox 715 387 851 466; x_wconf 82' lang='lat' dir='ltr'>†Tanta</span> <span class='ocrx_word' id='word_1_10' title='bbox 871 388 1008 470; x_wconf 90' lang='lat' dir='ltr'>suspicio</span> <span class='ocrx_word' id='word_1_11' title='bbox 1032 395 1096 460; x_wconf 90' lang='lat' dir='ltr'>est,</span> <span class='ocrx_word' id='word_1_12' title='bbox 1121 393 1155 450; x_wconf 90' lang='lat' dir='ltr'>ut</span> <span class='ocrx_word' id='word_1_13' title='bbox 1176 384 1327 467; x_wconf 76' lang='lat' dir='ltr'>religione</span> <span class='ocrx_word' id='word_1_14' title='bbox 1349 386 1455 450; x_wconf 87' lang='lat' dir='ltr'>civita-</span> 
     </span>
     <span class='ocr_line' id='line_1_3' title="bbox 126 479 1397 563; baseline -0.006 -13"><span class='ocrx_word' id='word_1_15' title='bbox 126 496 190 550; x_wconf 91' lang='lat' dir='ltr'>tem</span> <span class='ocrx_word' id='word_1_16' title='bbox 213 484 418 547; x_wconf 75' lang='lat' dir='ltr'>obstrinxisse</span> <span class='ocrx_word' id='word_1_17' title='bbox 442 479 585 546; x_wconf 88' lang='lat' dir='ltr'>videatur</span> <span class='ocrx_word' id='word_1_18' title='bbox 604 482 788 554; x_wconf 86' lang='lat' dir='ltr'>Mummius,</span> <span class='ocrx_word' id='word_1_19' title='bbox 813 482 898 563; x_wconf 92' lang='lat' dir='ltr'>quod</span> <span class='ocrx_word' id='word_1_20' title='bbox 920 479 1059 545; x_wconf 91' lang='lat' dir='ltr'>Asellum</span> <span class='ocrx_word' id='word_1_21' title='bbox 1082 479 1252 562; x_wconf 78' lang='lat' dir='ltr'>ignominia</span> <span class='ocrx_word' id='word_1_22' title='bbox 1275 480 1397 542; x_wconf 89' lang='lat' dir='ltr'>levarit.</span> 
     </span>
     <span class='ocr_line' id='line_1_4' title="bbox 211 572 1456 648; baseline -0.005 -8"><span class='ocrx_word' id='word_1_23' title='bbox 211 577 337 641; x_wconf 83' lang='lat' dir='ltr'><strong>LXVII.</strong></span> <span class='ocrx_word' id='word_1_24' title='bbox 362 577 436 639; x_wconf 81' lang='grc'><strong>269.</strong></span> <span class='ocrx_word' id='word_1_25' title='bbox 475 575 599 638; x_wconf 88' lang='lat' dir='ltr'>Urbana</span> <span class='ocrx_word' id='word_1_26' title='bbox 620 574 714 638; x_wconf 90' lang='lat' dir='ltr'>etiam</span> <span class='ocrx_word' id='word_1_27' title='bbox 739 572 945 638; x_wconf 78' lang='lat' dir='ltr'>dissimulatio</span> <span class='ocrx_word' id='word_1_28' title='bbox 967 582 1031 648; x_wconf 91' lang='lat' dir='ltr'>est,</span> <span class='ocrx_word' id='word_1_29' title='bbox 1061 593 1131 638; x_wconf 92' lang='lat' dir='ltr'>cum</span> <span class='ocrx_word' id='word_1_30' title='bbox 1154 572 1215 638; x_wconf 86' lang='lat' dir='ltr'>alia</span> <span class='ocrx_word' id='word_1_31' title='bbox 1236 573 1397 646; x_wconf 88' lang='lat' dir='ltr'>dicuntur,</span> <span class='ocrx_word' id='word_1_32' title='bbox 1420 591 1456 635; x_wconf 90' lang='lat' dir='ltr'>ac</span> 
     </span>
     <span class='ocr_line' id='line_1_5' title="bbox 128 665 1458 752; baseline -0.006 -17"><span class='ocrx_word' id='word_1_33' title='bbox 128 670 261 744; x_wconf 91' lang='lat' dir='ltr'>sentias,</span> <span class='ocrx_word' id='word_1_34' title='bbox 297 690 362 733; x_wconf 91' lang='lat' dir='ltr'>nou</span> <span class='ocrx_word' id='word_1_35' title='bbox 392 668 446 734; x_wconf 93' lang='lat' dir='ltr'>illo</span> <span class='ocrx_word' id='word_1_36' title='bbox 474 687 606 752; x_wconf 79' lang='lat' dir='ltr'>genere,</span> <span class='ocrx_word' id='word_1_37' title='bbox 643 673 682 733; x_wconf 91' lang='lat' dir='ltr'>de</span> <span class='ocrx_word' id='word_1_38' title='bbox 706 687 770 752; x_wconf 93' lang='lat' dir='ltr'>quo</span> <span class='ocrx_word' id='word_1_39' title='bbox 792 674 864 730; x_wconf 90' lang='lat' dir='ltr'>aute</span> <span class='ocrx_word' id='word_1_40' title='bbox 887 667 970 741; x_wconf 88' lang='lat' dir='ltr'>dixi,</span> <span class='ocrx_word' id='word_1_41' title='bbox 1008 687 1079 730; x_wconf 92' lang='lat' dir='ltr'>cum</span> <span class='ocrx_word' id='word_1_42' title='bbox 1100 668 1257 732; x_wconf 87' lang='lat' dir='ltr'>contraria</span> <span class='ocrx_word' id='word_1_43' title='bbox 1278 665 1383 740; x_wconf 91' lang='lat' dir='ltr'>dicas,</span> <span class='ocrx_word' id='word_1_44' title='bbox 1421 675 1458 731; x_wconf 88' lang='lat' dir='ltr'>ut</span> 
     </span>
     <span class='ocr_line' id='line_1_6' title="bbox 129 758 1477 844; baseline -0.005 -17"><span class='ocrx_word' id='word_1_45' title='bbox 129 766 255 829; x_wconf 86' lang='lat' dir='ltr'>Lamiae</span> <span class='ocrx_word' id='word_1_46' title='bbox 278 763 425 835; x_wconf 87' lang='lat' dir='ltr'>Crassus.</span> <span class='ocrx_word' id='word_1_47' title='bbox 447 763 503 827; x_wconf 87' lang='lat' dir='ltr'>sed</span> <span class='ocrx_word' id='word_1_48' title='bbox 525 783 596 827; x_wconf 93' lang='lat' dir='ltr'>cum</span> <span class='ocrx_word' id='word_1_49' title='bbox 618 771 684 826; x_wconf 92' lang='lat' dir='ltr'>toto</span> <span class='ocrx_word' id='word_1_50' title='bbox 707 781 826 844; x_wconf 78' lang='lat' dir='ltr'>genere</span> <span class='ocrx_word' id='word_1_51' title='bbox 848 759 1000 824; x_wconf 88' lang='lat' dir='ltr'>orationis</span> <span class='ocrx_word' id='word_1_52' title='bbox 1021 780 1132 824; x_wconf 81' lang='lat' dir='ltr'>severe</span> <span class='ocrx_word' id='word_1_53' title='bbox 1152 759 1258 834; x_wconf 89' lang='lat' dir='ltr'>ludas,</span> <span class='ocrx_word' id='word_1_54' title='bbox 1281 780 1352 824; x_wconf 91' lang='lat' dir='ltr'>cum</span> <span class='ocrx_word' id='word_1_55' title='bbox 1366 758 1477 824; x_wconf 84' lang='lat' dir='ltr'>aliters</span> 
     </span>
     <span class='ocr_line' id='line_1_7' title="bbox 129 851 1458 942; baseline -0.005 -20"><span class='ocrx_word' id='word_1_56' title='bbox 129 857 262 930; x_wconf 88' lang='lat' dir='ltr'>sentias,</span> <span class='ocrx_word' id='word_1_57' title='bbox 296 877 332 920; x_wconf 88' lang='lat' dir='ltr'>ac</span> <span class='ocrx_word' id='word_1_58' title='bbox 354 856 501 942; x_wconf 80' lang='lat' dir='ltr'>loquare:</span> <span class='ocrx_word' id='word_1_59' title='bbox 537 864 570 921; x_wconf 95' lang='lat' dir='ltr'>ut</span> <span class='ocrx_word' id='word_1_60' title='bbox 591 865 700 921; x_wconf 91' lang='lat' dir='ltr'>noster</span> <span class='ocrx_word' id='word_1_61' title='bbox 722 853 871 921; x_wconf 84' lang='lat' dir='ltr'>Scaevola</span> <span class='ocrx_word' id='word_1_62' title='bbox 892 854 1107 939; x_wconf 79' lang='lat' dir='ltr'>Septumuleio</span> <span class='ocrx_word' id='word_1_63' title='bbox 1127 853 1173 919; x_wconf 87' lang='lat' dir='ltr'>ilii</span> <span class='ocrx_word' id='word_1_64' title='bbox 1194 853 1373 938; x_wconf 74' lang='lat' dir='ltr'>Anagnino,</span> <span class='ocrx_word' id='word_1_65' title='bbox 1406 851 1458 917; x_wconf 92' lang='lat' dir='ltr'>cui</span> 
     </span>
     <span class='ocr_line' id='line_1_8' title="bbox 129 943 1534 1035; baseline -0.005 -20"><span class='ocrx_word' id='word_1_66' title='bbox 129 971 188 1035; x_wconf 90' lang='lat' dir='ltr'>pro</span> <span class='ocrx_word' id='word_1_67' title='bbox 212 951 245 1014; x_wconf 90' lang='lat' dir='ltr'>C.</span> <span class='ocrx_word' id='word_1_68' title='bbox 262 947 397 1015; x_wconf 83' lang='lat' dir='ltr'>Gracchi</span> <span class='ocrx_word' id='word_1_69' title='bbox 419 943 520 1034; x_wconf 89' lang='lat' dir='ltr'>capite</span> <span class='ocrx_word' id='word_1_70' title='bbox 542 957 609 1015; x_wconf 90' lang='lat' dir='ltr'>erat</span> <span class='ocrx_word' id='word_1_71' title='bbox 630 970 744 1015; x_wconf 91' lang='lat' dir='ltr'>aurum</span> <span class='ocrx_word' id='word_1_72' title='bbox 766 968 953 1034; x_wconf 91' lang='lat' dir='ltr'>repensum,</span> <span class='ocrx_word' id='word_1_73' title='bbox 992 948 1132 1030; x_wconf 82' lang='lat' dir='ltr'>roganti,</span> <span class='ocrx_word' id='word_1_74' title='bbox 1165 955 1201 1011; x_wconf 95' lang='lat' dir='ltr'>ut</span> <span class='ocrx_word' id='word_1_75' title='bbox 1227 967 1262 1011; x_wconf 91' lang='lat' dir='ltr'>se</span> <span class='ocrx_word' id='word_1_76' title='bbox 1291 946 1323 1012; x_wconf 93' lang='lat' dir='ltr'>in</span> <span class='ocrx_word' id='word_1_77' title='bbox 1352 947 1459 1010; x_wconf 89' lang='lat' dir='ltr'>Asiam</span> <span class='ocrx_word' id='word_1_78' title='bbox 1529 962 1534 967; x_wconf 88' lang='grc'>·</span> 
     </span>
     <span class='ocr_line' id='line_1_9' title="bbox 130 1040 1459 1130; baseline -0.004 -22"><span class='ocrx_word' id='word_1_79' title='bbox 130 1044 324 1130; x_wconf 81' lang='lat' dir='ltr'>praetectum</span> <span class='ocrx_word' id='word_1_80' title='bbox 347 1046 494 1116; x_wconf 88' lang='lat' dir='ltr'>duceret,</span> <span class='ocrx_word' id='word_1_81' title='bbox 518 1041 624 1119; x_wconf 86' lang='lat' dir='ltr'>Quid</span> <span class='ocrx_word' id='word_1_82' title='bbox 646 1040 722 1109; x_wconf 92' lang='lat' dir='ltr'>tihi</span> <span class='ocrx_word' id='word_1_83' title='bbox 744 1044 820 1117; x_wconf 81' lang='lat' dir='ltr'>vis,</span> <span class='ocrx_word' id='word_1_84' title='bbox 842 1041 960 1127; x_wconf 90' lang='lat' dir='ltr'>inquit,</span> <span class='ocrx_word' id='word_1_85' title='bbox 990 1043 1156 1105; x_wconf 83' lang='lat' dir='ltr'>insanet</span> <span class='ocrx_word' id='word_1_86' title='bbox 1189 1044 1312 1106; x_wconf 89' lang='lat' dir='ltr'>Tanta</span> <span class='ocrx_word' id='word_1_87' title='bbox 1334 1041 1459 1106; x_wconf 92' lang='lat' dir='ltr'>malo·</span> 
     </span>
     <span class='ocr_line' id='line_1_10' title="bbox 129 1134 1459 1218; baseline -0.005 -15"><span class='ocrx_word' id='word_1_88' title='bbox 129 1159 215 1203; x_wconf 91' lang='lat' dir='ltr'>rum</span> <span class='ocrx_word' id='word_1_89' title='bbox 238 1142 300 1200; x_wconf 90' lang='lat' dir='ltr'>est</span> <span class='ocrx_word' id='word_1_90' title='bbox 324 1134 542 1201; x_wconf 85' lang='lat' dir='ltr'>multitudo</span> <span class='ocrx_word' id='word_1_91' title='bbox 564 1136 728 1210; x_wconf 86' lang='lat' dir='ltr'>civium,</span> <span class='ocrx_word' id='word_1_92' title='bbox 758 1145 802 1203; x_wconf 87' lang='lat' dir='ltr'>ut</span> <span class='ocrx_word' id='word_1_93' title='bbox 832 1134 907 1201; x_wconf 92' lang='lat' dir='ltr'>tibi</span> <span class='ocrx_word' id='word_1_94' title='bbox 935 1154 1008 1218; x_wconf 79' lang='lat' dir='ltr'>ego</span> <span class='ocrx_word' id='word_1_95' title='bbox 1035 1135 1112 1199; x_wconf 93' lang='lat' dir='ltr'>hoc</span> <span class='ocrx_word' id='word_1_96' title='bbox 1142 1135 1395 1206; x_wconf 86' lang='lat' dir='ltr'>confirmem,</span> <span class='ocrx_word' id='word_1_97' title='bbox 1427 1135 1459 1197; x_wconf 90' lang='lat' dir='ltr'>si</span> 
     </span>
     <span class='ocr_line' id='line_1_11' title="bbox 129 1225 1496 1313; baseline -0.01 -14"><span class='ocrx_word' id='word_1_98' title='bbox 129 1237 272 1299; x_wconf 80' lang='lat' dir='ltr'>Romae</span> <span class='ocrx_word' id='word_1_99' title='bbox 295 1229 500 1304; x_wconf 88' lang='lat' dir='ltr'>manseris,</span> <span class='ocrx_word' id='word_1_100' title='bbox 523 1237 562 1294; x_wconf 91' lang='lat' dir='ltr'>te</span> <span class='ocrx_word' id='word_1_101' title='bbox 584 1233 721 1313; x_wconf 89' lang='lat' dir='ltr'>paucis</span> <span class='ocrx_word' id='word_1_102' title='bbox 743 1230 858 1295; x_wconf 88' lang='lat' dir='ltr'>annis</span> <span class='ocrx_word' id='word_1_103' title='bbox 880 1225 927 1293; x_wconf 87' lang='lat' dir='ltr'>ed</span> <span class='ocrx_word' id='word_1_104' title='bbox 947 1227 1139 1292; x_wconf 89' lang='lat' dir='ltr'>maximas</span> <span class='ocrx_word' id='word_1_105' title='bbox 1160 1230 1352 1313; x_wconf 87' lang='lat' dir='ltr'>pecunias</span> <span class='ocrx_word' id='word_1_106' title='bbox 1373 1247 1496 1292; x_wconf 70' lang='lat' dir='ltr'>esseio</span> 
     </span>
     <span class='ocr_line' id='line_1_12' title="bbox 130 1318 1460 1410; baseline -0.003 -20"><span class='ocrx_word' id='word_1_107' title='bbox 130 1333 355 1390; x_wconf 86' lang='lat' dir='ltr'>venturum.</span> <span class='ocrx_word' id='word_1_108' title='bbox 400 1326 475 1385; x_wconf 89' lang='grc'><strong>270.</strong></span> <span class='ocrx_word' id='word_1_109' title='bbox 510 1325 544 1385; x_wconf 93' lang='lat' dir='ltr'>ln</span> <span class='ocrx_word' id='word_1_110' title='bbox 572 1327 633 1388; x_wconf 95' lang='lat' dir='ltr'>hoc</span> <span class='ocrx_word' id='word_1_111' title='bbox 656 1344 773 1410; x_wconf 82' lang='lat' dir='ltr'>genere</span> <span class='ocrx_word' id='word_1_112' title='bbox 795 1323 931 1386; x_wconf 87' lang='lat' dir='ltr'>Fannius</span> <span class='ocrx_word' id='word_1_113' title='bbox 952 1320 986 1385; x_wconf 93' lang='lat' dir='ltr'>in</span> <span class='ocrx_word' id='word_1_114' title='bbox 1008 1318 1172 1385; x_wconf 87' lang='lat' dir='ltr'>annalibus</span> <span class='ocrx_word' id='word_1_115' title='bbox 1194 1321 1258 1385; x_wconf 91' lang='lat' dir='ltr'>suis</span> <span class='ocrx_word' id='word_1_116' title='bbox 1280 1321 1460 1386; x_wconf 81' lang='lat' dir='ltr'>Africanum</span> 
     </span>
     <span class='ocr_line' id='line_1_13' title="bbox 130 1413 1458 1502; baseline -0.003 -18"><span class='ocrx_word' id='word_1_117' title='bbox 130 1423 213 1484; x_wconf 91' lang='lat' dir='ltr'>bunc</span> <span class='ocrx_word' id='word_1_118' title='bbox 241 1417 448 1483; x_wconf 80' lang='lat' dir='ltr'>Aemilianum</span> <span class='ocrx_word' id='word_1_119' title='bbox 476 1413 553 1480; x_wconf 91' lang='lat' dir='ltr'>dicit</span> <span class='ocrx_word' id='word_1_120' title='bbox 580 1417 723 1498; x_wconf 62' lang='lat' dir='ltr'>&#39;fluisse</span> <span class='ocrx_word' id='word_1_121' title='bbox 754 1424 880 1481; x_wconf 87' lang='lat' dir='ltr'>eleum</span> <span class='ocrx_word' id='word_1_122' title='bbox 904 1419 1025 1480; x_wconf 88' lang='lat' dir='ltr'>Gracco</span> <span class='ocrx_word' id='word_1_123' title='bbox 1048 1416 1148 1478; x_wconf 89' lang='lat' dir='ltr'>verbo</span> <span class='ocrx_word' id='word_1_124' title='bbox 1170 1414 1306 1500; x_wconf 92' lang='lat' dir='ltr'>appellat</span> <span class='ocrx_word' id='word_1_125' title='bbox 1326 1421 1458 1502; x_wconf 79' lang='grc' dir='ltr'><strong><em>εἴρωνα,</em></strong></span> 
     </span>
     <span class='ocr_line' id='line_1_14' title="bbox 130 1509 1460 1596; baseline -0.005 -18"><span class='ocrx_word' id='word_1_126' title='bbox 130 1510 203 1588; x_wconf 93' lang='lat' dir='ltr'>sed,</span> <span class='ocrx_word' id='word_1_127' title='bbox 226 1512 272 1577; x_wconf 92' lang='lat' dir='ltr'>uti</span> <span class='ocrx_word' id='word_1_128' title='bbox 293 1509 416 1584; x_wconf 85' lang='lat' dir='ltr'>lerunt,</span> <span class='ocrx_word' id='word_1_129' title='bbox 439 1509 494 1596; x_wconf 94' lang='lat' dir='ltr'>qui</span> <span class='ocrx_word' id='word_1_130' title='bbox 515 1511 628 1576; x_wconf 90' lang='lat' dir='ltr'>melius</span> <span class='ocrx_word' id='word_1_131' title='bbox 650 1511 736 1578; x_wconf 79' lang='lat' dir='ltr'>haec.</span> <span class='ocrx_word' id='word_1_132' title='bbox 750 1517 882 1581; x_wconf 91' lang='lat' dir='ltr'>norunt,</span> <span class='ocrx_word' id='word_1_133' title='bbox 906 1511 1067 1572; x_wconf 85' lang='lat' dir='ltr'>Socratem</span> <span class='ocrx_word' id='word_1_134' title='bbox 1089 1509 1203 1592; x_wconf 83' lang='lat' dir='ltr'>opinor</span> <span class='ocrx_word' id='word_1_135' title='bbox 1224 1510 1256 1572; x_wconf 91' lang='lat' dir='ltr'>in</span> <span class='ocrx_word' id='word_1_136' title='bbox 1277 1510 1336 1574; x_wconf 93' lang='lat' dir='ltr'>bac</span> <span class='ocrx_word' id='word_1_137' title='bbox 1358 1509 1460 1575; x_wconf 91' lang='lat' dir='ltr'>ironia</span> 
     </span>
     <span class='ocr_line' id='line_1_15' title="bbox 130 1597 1461 1692; baseline -0.004 -21"><span class='ocrx_word' id='word_1_138' title='bbox 130 1604 420 1691; x_wconf 79' lang='lat' dir='ltr'>dissimulantiaque</span> <span class='ocrx_word' id='word_1_139' title='bbox 441 1606 535 1689; x_wconf 80' lang='lat' dir='ltr'>louge</span> <span class='ocrx_word' id='word_1_140' title='bbox 556 1603 664 1692; x_wconf 92' lang='lat' dir='ltr'>lepore</span> <span class='ocrx_word' id='word_1_141' title='bbox 679 1613 711 1670; x_wconf 92' lang='lat' dir='ltr'>et</span> <span class='ocrx_word' id='word_1_142' title='bbox 724 1604 916 1671; x_wconf 88' lang='lat' dir='ltr'>humanitate</span> <span class='ocrx_word' id='word_1_143' title='bbox 938 1597 1083 1666; x_wconf 90' lang='lat' dir='ltr'>omnihus</span> <span class='ocrx_word' id='word_1_144' title='bbox 1105 1601 1309 1686; x_wconf 85' lang='lat' dir='ltr'>praestitisse.</span> <span class='ocrx_word' id='word_1_145' title='bbox 1355 1605 1461 1668; x_wconf 87' lang='lat' dir='ltr'>Genus</span> 
     </span>
     <span class='ocr_line' id='line_1_16' title="bbox 132 1696 1495 1784; baseline -0.002 -21"><span class='ocrx_word' id='word_1_146' title='bbox 132 1707 181 1764; x_wconf 89' lang='lat' dir='ltr'>est</span> <span class='ocrx_word' id='word_1_147' title='bbox 209 1696 397 1782; x_wconf 76' lang='lat' dir='ltr'>perelegans</span> <span class='ocrx_word' id='word_1_148' title='bbox 425 1705 554 1762; x_wconf 92' lang='lat' dir='ltr'>etcum</span> <span class='ocrx_word' id='word_1_149' title='bbox 583 1698 735 1784; x_wconf 81' lang='lat' dir='ltr'>gravitate</span> <span class='ocrx_word' id='word_1_150' title='bbox 760 1697 875 1763; x_wconf 89' lang='lat' dir='ltr'>salsum</span> <span class='ocrx_word' id='word_1_151' title='bbox 896 1714 1031 1780; x_wconf 90' lang='lat' dir='ltr'>cumque</span> <span class='ocrx_word' id='word_1_152' title='bbox 1062 1696 1210 1759; x_wconf 89' lang='lat' dir='ltr'>oratoriis</span> <span class='ocrx_word' id='word_1_153' title='bbox 1243 1697 1495 1770; x_wconf 81' lang='lat' dir='ltr'>dictionibus,1⁵</span> 
     </span>
     <span class='ocr_line' id='line_1_17' title="bbox 133 1787 1460 1861; baseline -0.003 -5"><span class='ocrx_word' id='word_1_154' title='bbox 133 1804 199 1857; x_wconf 88' lang='lat' dir='ltr'>tum</span> <span class='ocrx_word' id='word_1_155' title='bbox 221 1789 350 1856; x_wconf 90' lang='lat' dir='ltr'>urbanis</span> <span class='ocrx_word' id='word_1_156' title='bbox 371 1788 569 1855; x_wconf 89' lang='lat' dir='ltr'>sermonibus</span> <span class='ocrx_word' id='word_1_157' title='bbox 591 1791 872 1857; x_wconf 88' lang='lat' dir='ltr'>accommodatum.</span> <span class='ocrx_word' id='word_1_158' title='bbox 917 1791 991 1852; x_wconf 92' lang='grc'><strong>271.</strong></span> <span class='ocrx_word' id='word_1_159' title='bbox 1025 1791 1066 1853; x_wconf 85' lang='lat' dir='ltr'>Et</span> <span class='ocrx_word' id='word_1_160' title='bbox 1086 1787 1214 1854; x_wconf 88' lang='lat' dir='ltr'>hercule</span> <span class='ocrx_word' id='word_1_161' title='bbox 1237 1791 1344 1853; x_wconf 90' lang='lat' dir='ltr'>omnia</span> <span class='ocrx_word' id='word_1_162' title='bbox 1364 1792 1460 1861; x_wconf 91' lang='lat' dir='ltr'>baec,</span> 
     </span>
     <span class='ocr_line' id='line_1_18' title="bbox 133 1875 1461 1970; baseline -0.002 -22"><span class='ocrx_word' id='word_1_163' title='bbox 133 1903 248 1970; x_wconf 86' lang='lat' dir='ltr'>quaes</span> <span class='ocrx_word' id='word_1_164' title='bbox 265 1903 316 1948; x_wconf 89' lang='lat' dir='ltr'>me</span> <span class='ocrx_word' id='word_1_165' title='bbox 331 1886 370 1948; x_wconf 94' lang='lat' dir='ltr'>de</span> <span class='ocrx_word' id='word_1_166' title='bbox 384 1882 504 1948; x_wconf 79' lang='lat' dir='ltr'>facetiis</span> <span class='ocrx_word' id='word_1_167' title='bbox 526 1875 739 1969; x_wconf 89' lang='lat' dir='ltr'>disputantur,</span> <span class='ocrx_word' id='word_1_168' title='bbox 762 1903 827 1949; x_wconf 94' lang='lat' dir='ltr'>non</span> <span class='ocrx_word' id='word_1_169' title='bbox 849 1885 969 1948; x_wconf 88' lang='lat' dir='ltr'>maiora</span> <span class='ocrx_word' id='word_1_170' title='bbox 990 1880 1166 1947; x_wconf 88' lang='lat' dir='ltr'>forensium</span> <span class='ocrx_word' id='word_1_171' title='bbox 1186 1880 1345 1946; x_wconf 92' lang='lat' dir='ltr'>actionum</span> <span class='ocrx_word' id='word_1_172' title='bbox 1367 1902 1461 1968; x_wconf 91' lang='lat' dir='ltr'>quam</span> 
     </span>
     <span class='ocr_line' id='line_1_19' title="bbox 134 1974 1460 2060; baseline -0.002 -18"><span class='ocrx_word' id='word_1_173' title='bbox 134 1977 275 2042; x_wconf 89' lang='lat' dir='ltr'>omniurn</span> <span class='ocrx_word' id='word_1_174' title='bbox 296 1996 477 2042; x_wconf 90' lang='lat' dir='ltr'>sermonum</span> <span class='ocrx_word' id='word_1_175' title='bbox 498 1975 697 2042; x_wconf 88' lang='lat' dir='ltr'>condimenta</span> <span class='ocrx_word' id='word_1_176' title='bbox 720 1986 803 2043; x_wconf 89' lang='lat' dir='ltr'>sunt.</span> <span class='ocrx_word' id='word_1_177' title='bbox 848 1980 928 2041; x_wconf 88' lang='lat' dir='ltr'>Nam</span> <span class='ocrx_word' id='word_1_178' title='bbox 942 1974 1023 2040; x_wconf 91' lang='lat' dir='ltr'>sicut</span> <span class='ocrx_word' id='word_1_179' title='bbox 1037 1977 1122 2060; x_wconf 95' lang='lat' dir='ltr'>quod</span> <span class='ocrx_word' id='word_1_180' title='bbox 1137 1978 1221 2060; x_wconf 90' lang='lat' dir='ltr'>apud</span> <span class='ocrx_word' id='word_1_181' title='bbox 1237 1978 1386 2041; x_wconf 86' lang='lat' dir='ltr'>Catonem</span> <span class='ocrx_word' id='word_1_182' title='bbox 1401 1985 1460 2050; x_wconf 90' lang='lat' dir='ltr'>est,</span> 
     </span>
     <span class='ocr_line' id='line_1_20' title="bbox 134 2068 1460 2157; baseline -0.001 -22"><span class='ocrx_word' id='word_1_183' title='bbox 134 2072 188 2157; x_wconf 92' lang='lat' dir='ltr'>qui</span> <span class='ocrx_word' id='word_1_184' title='bbox 220 2071 317 2135; x_wconf 89' lang='lat' dir='ltr'>multa</span> <span class='ocrx_word' id='word_1_185' title='bbox 347 2068 480 2142; x_wconf 91' lang='lat' dir='ltr'>rettulit,</span> <span class='ocrx_word' id='word_1_186' title='bbox 517 2072 694 2156; x_wconf 88' lang='lat' dir='ltr'>exquibus</span> <span class='ocrx_word' id='word_1_187' title='bbox 716 2091 807 2135; x_wconf 91' lang='lat' dir='ltr'>ame</span> <span class='ocrx_word' id='word_1_188' title='bbox 833 2068 971 2155; x_wconf 91' lang='lat' dir='ltr'>exempli</span> <span class='ocrx_word' id='word_1_189' title='bbox 997 2089 1089 2133; x_wconf 88' lang='lat' dir='ltr'>causa</span> <span class='ocrx_word' id='word_1_190' title='bbox 1111 2068 1134 2149; x_wconf 83' lang='lat'><em>†</em></span> <span class='ocrx_word' id='word_1_191' title='bbox 1156 2069 1252 2133; x_wconf 92' lang='lat' dir='ltr'>multa</span> <span class='ocrx_word' id='word_1_192' title='bbox 1280 2078 1460 2155; x_wconf 89' lang='lat' dir='ltr'>ponuntur,</span> 
     </span>
     <span class='ocr_line' id='line_1_21' title="bbox 134 2161 1497 2250; baseline -0.001 -22"><span class='ocrx_word' id='word_1_193' title='bbox 134 2184 194 2250; x_wconf 91' lang='lat' dir='ltr'>per</span> <span class='ocrx_word' id='word_1_194' title='bbox 222 2161 300 2227; x_wconf 91' lang='lat' dir='ltr'>mihi</span> <span class='ocrx_word' id='word_1_195' title='bbox 328 2165 441 2227; x_wconf 91' lang='lat' dir='ltr'>scitum</span> <span class='ocrx_word' id='word_1_196' title='bbox 468 2163 594 2228; x_wconf 87' lang='lat' dir='ltr'>videtur</span> <span class='ocrx_word' id='word_1_197' title='bbox 614 2166 649 2231; x_wconf 87' lang='lat' dir='ltr'>C.</span> <span class='ocrx_word' id='word_1_198' title='bbox 665 2164 841 2229; x_wconf 86' lang='lat' dir='ltr'>Publicium</span> <span class='ocrx_word' id='word_1_199' title='bbox 871 2164 996 2228; x_wconf 89' lang='lat' dir='ltr'>solitum</span> <span class='ocrx_word' id='word_1_200' title='bbox 1019 2164 1143 2237; x_wconf 89' lang='lat' dir='ltr'>dicere,</span> <span class='ocrx_word' id='word_1_201' title='bbox 1180 2164 1215 2226; x_wconf 89' lang='lat' dir='ltr'>P.</span> <span class='ocrx_word' id='word_1_202' title='bbox 1232 2163 1497 2237; x_wconf 77' lang='lat' dir='ltr'>Mummiumw</span> 
     </span>
     <span class='ocr_line' id='line_1_22' title="bbox 135 2254 1463 2342; baseline -0.001 -21"><span class='ocrx_word' id='word_1_203' title='bbox 135 2256 265 2322; x_wconf 86' lang='lat' dir='ltr'>cuivis</span> <span class='ocrx_word' id='word_1_204' title='bbox 288 2258 460 2342; x_wconf 88' lang='lat' dir='ltr'>tempori</span> <span class='ocrx_word' id='word_1_205' title='bbox 481 2257 681 2323; x_wconf 92' lang='lat' dir='ltr'>hominem</span> <span class='ocrx_word' id='word_1_206' title='bbox 705 2278 810 2322; x_wconf 88' lang='lat' dir='ltr'>esse:</span> <span class='ocrx_word' id='word_1_207' title='bbox 846 2258 892 2320; x_wconf 91' lang='lat' dir='ltr'>sic</span> <span class='ocrx_word' id='word_1_208' title='bbox 913 2254 1056 2340; x_wconf 82' lang='lat' dir='ltr'>proiecto</span> <span class='ocrx_word' id='word_1_209' title='bbox 1078 2275 1184 2320; x_wconf 92' lang='lat' dir='ltr'>seres</span> <span class='ocrx_word' id='word_1_210' title='bbox 1206 2259 1319 2333; x_wconf 92' lang='lat' dir='ltr'>habet,</span> <span class='ocrx_word' id='word_1_211' title='bbox 1343 2255 1463 2321; x_wconf 91' lang='lat' dir='ltr'>nullum</span> 
     </span>
     <span class='ocr_line' id='line_1_23' title="bbox 134 2350 1463 2437; baseline 0 -23"><span class='ocrx_word' id='word_1_212' title='bbox 134 2359 171 2414; x_wconf 88' lang='lat' dir='ltr'>nt</span> <span class='ocrx_word' id='word_1_213' title='bbox 191 2352 232 2415; x_wconf 89' lang='lat' dir='ltr'>sit</span> <span class='ocrx_word' id='word_1_214' title='bbox 253 2352 335 2415; x_wconf 83' lang='lat' dir='ltr'>vitae</span> <span class='ocrx_word' id='word_1_215' title='bbox 357 2358 496 2434; x_wconf 92' lang='lat' dir='ltr'>tempus,</span> <span class='ocrx_word' id='word_1_216' title='bbox 518 2350 551 2415; x_wconf 95' lang='lat' dir='ltr'>iu</span> <span class='ocrx_word' id='word_1_217' title='bbox 573 2372 636 2437; x_wconf 94' lang='lat' dir='ltr'>quo</span> <span class='ocrx_word' id='word_1_218' title='bbox 658 2372 722 2415; x_wconf 94' lang='lat' dir='ltr'>non</span> <span class='ocrx_word' id='word_1_219' title='bbox 745 2353 854 2415; x_wconf 91' lang='lat' dir='ltr'>deceat</span> <span class='ocrx_word' id='word_1_220' title='bbox 871 2351 1014 2436; x_wconf 91' lang='lat' dir='ltr'>leporem</span> <span class='ocrx_word' id='word_1_221' title='bbox 1029 2351 1319 2436; x_wconf 86' lang='lat' dir='ltr'>humanitatemque</span> <span class='ocrx_word' id='word_1_222' title='bbox 1332 2350 1463 2417; x_wconf 81' lang='lat' dir='ltr'>versari.</span> 
     </span>
     <span class='ocr_line' id='line_1_24' title="bbox 135 2440 1463 2519; baseline 0.002 -13"><span class='ocrx_word' id='word_1_223' title='bbox 135 2445 210 2507; x_wconf 89' lang='grc'><strong>272.</strong></span> <span class='ocrx_word' id='word_1_224' title='bbox 235 2442 297 2508; x_wconf 86' lang='lat' dir='ltr'>Sed</span> <span class='ocrx_word' id='word_1_225' title='bbox 318 2446 415 2508; x_wconf 89' lang='lat' dir='ltr'>redeo</span> <span class='ocrx_word' id='word_1_226' title='bbox 437 2445 476 2507; x_wconf 90' lang='lat' dir='ltr'>ad</span> <span class='ocrx_word' id='word_1_227' title='bbox 498 2450 614 2507; x_wconf 88' lang='lat' dir='ltr'>cetera.</span> <span class='ocrx_word' id='word_1_228' title='bbox 656 2446 714 2508; x_wconf 88' lang='lat' dir='ltr'>Est</span> <span class='ocrx_word' id='word_1_229' title='bbox 733 2445 808 2508; x_wconf 91' lang='lat' dir='ltr'>huic</span> <span class='ocrx_word' id='word_1_230' title='bbox 827 2445 995 2508; x_wconf 91' lang='lat' dir='ltr'>finitimum</span> <span class='ocrx_word' id='word_1_231' title='bbox 1016 2440 1276 2519; x_wconf 89' lang='lat' dir='ltr'>dissimulationi,</span> <span class='ocrx_word' id='word_1_232' title='bbox 1315 2465 1387 2509; x_wconf 93' lang='lat' dir='ltr'>cum</span> <span class='ocrx_word' id='word_1_233' title='bbox 1407 2443 1463 2508; x_wconf 91' lang='lat' dir='ltr'>ho·</span> 
     </span>
     <span class='ocr_line' id='line_1_25' title="bbox 136 2533 1463 2621; baseline 0 -20"><span class='ocrx_word' id='word_1_234' title='bbox 136 2543 227 2601; x_wconf 91' lang='lat' dir='ltr'>nesto</span> <span class='ocrx_word' id='word_1_235' title='bbox 248 2537 346 2600; x_wconf 82' lang='lat' dir='ltr'>verbo</span> <span class='ocrx_word' id='word_1_236' title='bbox 369 2535 482 2601; x_wconf 85' lang='lat' dir='ltr'>vitiosa</span> <span class='ocrx_word' id='word_1_237' title='bbox 503 2556 556 2601; x_wconf 90' lang='lat' dir='ltr'>res</span> <span class='ocrx_word' id='word_1_238' title='bbox 577 2533 768 2621; x_wconf 80' lang='lat' dir='ltr'>appellatur:</span> <span class='ocrx_word' id='word_1_239' title='bbox 803 2543 840 2600; x_wconf 92' lang='lat' dir='ltr'>ut</span> <span class='ocrx_word' id='word_1_240' title='bbox 868 2556 939 2601; x_wconf 92' lang='lat' dir='ltr'>cum</span> <span class='ocrx_word' id='word_1_241' title='bbox 967 2537 1133 2599; x_wconf 70' lang='lat' dir='ltr'>Africanus</span> <span class='ocrx_word' id='word_1_242' title='bbox 1155 2556 1269 2602; x_wconf 90' lang='lat' dir='ltr'>censor</span> <span class='ocrx_word' id='word_1_243' title='bbox 1289 2540 1376 2601; x_wconf 90' lang='lat' dir='ltr'>tribu</span> <span class='ocrx_word' id='word_1_244' title='bbox 1395 2557 1463 2601; x_wconf 91' lang='lat' dir='ltr'>mo-</span> 
     </span>
     <span class='ocr_line' id='line_1_26' title="bbox 136 2626 1498 2716; baseline -0.002 -21"><span class='ocrx_word' id='word_1_245' title='bbox 136 2633 231 2696; x_wconf 83' lang='lat' dir='ltr'>vebat</span> <span class='ocrx_word' id='word_1_246' title='bbox 252 2650 324 2696; x_wconf 91' lang='lat' dir='ltr'>eum</span> <span class='ocrx_word' id='word_1_247' title='bbox 346 2631 577 2704; x_wconf 89' lang='lat' dir='ltr'>centurionem,</span> <span class='ocrx_word' id='word_1_248' title='bbox 615 2631 669 2714; x_wconf 92' lang='lat' dir='ltr'>qui</span> <span class='ocrx_word' id='word_1_249' title='bbox 691 2633 724 2693; x_wconf 93' lang='lat' dir='ltr'>in</span> <span class='ocrx_word' id='word_1_250' title='bbox 746 2629 846 2695; x_wconf 83' lang='lat' dir='ltr'>Paulli</span> <span class='ocrx_word' id='word_1_251' title='bbox 867 2649 970 2716; x_wconf 79' lang='lat' dir='ltr'>pugna</span> <span class='ocrx_word' id='word_1_252' title='bbox 993 2648 1056 2694; x_wconf 92' lang='lat' dir='ltr'>non</span> <span class='ocrx_word' id='word_1_253' title='bbox 1078 2626 1224 2702; x_wconf 81' lang='lat' dir='ltr'>affuerat,</span> <span class='ocrx_word' id='word_1_254' title='bbox 1260 2650 1331 2694; x_wconf 90' lang='lat' dir='ltr'>cum</span> <span class='ocrx_word' id='word_1_255' title='bbox 1352 2629 1406 2694; x_wconf 93' lang='lat' dir='ltr'>ille</span> <span class='ocrx_word' id='word_1_256' title='bbox 1428 2650 1462 2693; x_wconf 90' lang='lat' dir='ltr'>se</span> <span class='ocrx_word' id='word_1_257' title='bbox 1472 2645 1498 2683; x_wconf 76' lang='lat' dir='ltr'>ss</span> 
     </span>
     <span class='ocr_line' id='line_1_27' title="bbox 137 2722 1460 2807; baseline -0.003 -18"><span class='ocrx_word' id='word_1_258' title='bbox 137 2723 299 2789; x_wconf 89' lang='lat' dir='ltr'>custodiae</span> <span class='ocrx_word' id='word_1_259' title='bbox 329 2744 422 2788; x_wconf 90' lang='lat' dir='ltr'>causa</span> <span class='ocrx_word' id='word_1_260' title='bbox 451 2722 571 2788; x_wconf 87' lang='lat' dir='ltr'>diceret</span> <span class='ocrx_word' id='word_1_261' title='bbox 598 2725 762 2789; x_wconf 89' lang='lat' dir='ltr'>incastris</span> <span class='ocrx_word' id='word_1_262' title='bbox 790 2722 977 2789; x_wconf 86' lang='lat' dir='ltr'>remansisse</span> <span class='ocrx_word' id='word_1_263' title='bbox 999 2730 1249 2807; x_wconf 86' lang='lat' dir='ltr'>quaereretque,</span> <span class='ocrx_word' id='word_1_264' title='bbox 1279 2742 1337 2786; x_wconf 90' lang='lat' dir='ltr'>cur</span> <span class='ocrx_word' id='word_1_265' title='bbox 1358 2724 1398 2785; x_wconf 90' lang='lat' dir='ltr'>ab</span> <span class='ocrx_word' id='word_1_266' title='bbox 1422 2742 1460 2786; x_wconf 93' lang='lat' dir='ltr'>eo</span> 
     </span>
     <span class='ocr_line' id='line_1_28' title="bbox 139 2815 1463 2903; baseline -0.001 -22"><span class='ocrx_word' id='word_1_267' title='bbox 139 2825 316 2883; x_wconf 86' lang='lat' dir='ltr'>notaretur:</span> <span class='ocrx_word' id='word_1_268' title='bbox 352 2819 432 2880; x_wconf 88' lang='lat' dir='ltr'>Non</span> <span class='ocrx_word' id='word_1_269' title='bbox 462 2835 568 2892; x_wconf 93' lang='lat' dir='ltr'>amo,</span> <span class='ocrx_word' id='word_1_270' title='bbox 606 2816 725 2903; x_wconf 93' lang='lat' dir='ltr'>inquit,</span> <span class='ocrx_word' id='word_1_271' title='bbox 763 2819 925 2882; x_wconf 91' lang='lat' dir='ltr'>nimium</span> <span class='ocrx_word' id='word_1_272' title='bbox 949 2815 1183 2900; x_wconf 78' lang='lat' dir='ltr'>diligentes.</span> <span class='ocrx_word' id='word_1_273' title='bbox 1227 2818 1300 2879; x_wconf 89' lang='grc'><strong>273.</strong></span> <span class='ocrx_word' id='word_1_274' title='bbox 1331 2818 1463 2880; x_wconf 81' lang='lat' dir='ltr'>Acutum</span> 
     </span>
     <span class='ocr_line' id='line_1_29' title="bbox 138 2907 1462 2996; baseline -0.005 -19"><span class='ocrx_word' id='word_1_275' title='bbox 138 2911 231 2977; x_wconf 89' lang='lat' dir='ltr'>etiam</span> <span class='ocrx_word' id='word_1_276' title='bbox 246 2912 324 2977; x_wconf 92' lang='lat' dir='ltr'>illud</span> <span class='ocrx_word' id='word_1_277' title='bbox 339 2918 402 2983; x_wconf 92' lang='lat' dir='ltr'>est,</span> <span class='ocrx_word' id='word_1_278' title='bbox 425 2928 496 2973; x_wconf 90' lang='lat' dir='ltr'>cum</span> <span class='ocrx_word' id='word_1_279' title='bbox 519 2929 559 2974; x_wconf 88' lang='lat' dir='ltr'>ex</span> <span class='ocrx_word' id='word_1_280' title='bbox 581 2909 708 2975; x_wconf 91' lang='lat' dir='ltr'>alterius</span> <span class='ocrx_word' id='word_1_281' title='bbox 730 2911 873 2975; x_wconf 89' lang='lat' dir='ltr'>oratioue</span> <span class='ocrx_word' id='word_1_282' title='bbox 895 2907 980 2975; x_wconf 88' lang='lat' dir='ltr'>aliud</span> <span class='ocrx_word' id='word_1_283' title='bbox 1001 2907 1161 2992; x_wconf 88' lang='lat' dir='ltr'>excipias,</span> <span class='ocrx_word' id='word_1_284' title='bbox 1186 2917 1280 2996; x_wconf 89' lang='lat' dir='ltr'>atque</span> <span class='ocrx_word' id='word_1_285' title='bbox 1302 2910 1356 2973; x_wconf 89' lang='lat' dir='ltr'>ille</span> <span class='ocrx_word' id='word_1_286' title='bbox 1377 2910 1462 2985; x_wconf 79' lang='lat' dir='ltr'>sult3</span> 
     </span>
     <span class='ocr_line' id='line_1_30' title="bbox 138 3000 1466 3093; baseline -0.003 -22"><span class='ocrx_word' id='word_1_287' title='bbox 138 3014 173 3071; x_wconf 94' lang='lat' dir='ltr'>ut</span> <span class='ocrx_word' id='word_1_288' title='bbox 196 3003 363 3071; x_wconf 89' lang='lat' dir='ltr'>Salinatori</span> <span class='ocrx_word' id='word_1_289' title='bbox 384 3005 557 3079; x_wconf 82' lang='lat' dir='ltr'>Maximus,</span> <span class='ocrx_word' id='word_1_290' title='bbox 581 3022 670 3093; x_wconf 88' lang='lat' dir='ltr'>cum,</span> <span class='ocrx_word' id='word_1_291' title='bbox 693 3005 827 3067; x_wconf 89' lang='lat' dir='ltr'>Tarento</span> <span class='ocrx_word' id='word_1_292' title='bbox 850 3006 983 3078; x_wconf 89' lang='lat' dir='ltr'>amisso,</span> <span class='ocrx_word' id='word_1_293' title='bbox 1010 3023 1115 3068; x_wconf 89' lang='lat' dir='ltr'>arcem</span> <span class='ocrx_word' id='word_1_294' title='bbox 1136 3011 1242 3068; x_wconf 70' lang='lat' dir='ltr'>umen</span> <span class='ocrx_word' id='word_1_295' title='bbox 1264 3000 1370 3068; x_wconf 86' lang='lat' dir='ltr'>Livius</span> <span class='ocrx_word' id='word_1_296' title='bbox 1392 3006 1466 3067; x_wconf 90' lang='lat' dir='ltr'>reti·</span> 
     </span>
     <span class='ocr_line' id='line_1_31' title="bbox 139 3095 1502 3181; baseline -0.006 -17"><span class='ocrx_word' id='word_1_297' title='bbox 139 3097 260 3164; x_wconf 88' lang='lat' dir='ltr'>unisset</span> <span class='ocrx_word' id='word_1_298' title='bbox 289 3095 449 3180; x_wconf 91' lang='lat' dir='ltr'>multaque</span> <span class='ocrx_word' id='word_1_299' title='bbox 478 3116 518 3161; x_wconf 90' lang='lat' dir='ltr'>ex</span> <span class='ocrx_word' id='word_1_300' title='bbox 551 3117 589 3161; x_wconf 90' lang='lat' dir='ltr'>ea</span> <span class='ocrx_word' id='word_1_301' title='bbox 618 3095 740 3180; x_wconf 88' lang='lat' dir='ltr'>proelia</span> <span class='ocrx_word' id='word_1_302' title='bbox 768 3097 929 3180; x_wconf 92' lang='lat' dir='ltr'>praeclara</span> <span class='ocrx_word' id='word_1_303' title='bbox 961 3095 1101 3171; x_wconf 83' lang='lat' dir='ltr'>lecisset,</span> <span class='ocrx_word' id='word_1_304' title='bbox 1135 3117 1208 3161; x_wconf 92' lang='lat' dir='ltr'>cum</span> <span class='ocrx_word' id='word_1_305' title='bbox 1240 3097 1362 3181; x_wconf 90' lang='lat' dir='ltr'>aliquot</span> <span class='ocrx_word' id='word_1_306' title='bbox 1394 3103 1466 3179; x_wconf 93' lang='lat' dir='ltr'>post</span> <span class='ocrx_word' id='word_1_307' title='bbox 1476 3119 1502 3158; x_wconf 81' lang='lat' dir='ltr'>u</span> 
     </span>
     <span class='ocr_line' id='line_1_32' title="bbox 139 3188 1467 3276; baseline -0.004 -19"><span class='ocrx_word' id='word_1_308' title='bbox 139 3211 239 3257; x_wconf 90' lang='lat' dir='ltr'>annos</span> <span class='ocrx_word' id='word_1_309' title='bbox 269 3192 423 3254; x_wconf 81' lang='lat' dir='ltr'>Maximus</span> <span class='ocrx_word' id='word_1_310' title='bbox 452 3188 485 3254; x_wconf 93' lang='lat' dir='ltr'>id</span> <span class='ocrx_word' id='word_1_311' title='bbox 514 3189 665 3276; x_wconf 95' lang='lat' dir='ltr'>oppidum</span> <span class='ocrx_word' id='word_1_312' title='bbox 694 3188 867 3274; x_wconf 89' lang='lat' dir='ltr'>recepisset</span> <span class='ocrx_word' id='word_1_313' title='bbox 896 3199 1089 3275; x_wconf 79' lang='lat' dir='ltr'>rogaretque</span> <span class='ocrx_word' id='word_1_314' title='bbox 1122 3209 1195 3254; x_wconf 91' lang='lat' dir='ltr'>eum</span> <span class='ocrx_word' id='word_1_315' title='bbox 1226 3189 1396 3263; x_wconf 89' lang='lat' dir='ltr'>Salinator,</span> <span class='ocrx_word' id='word_1_316' title='bbox 1432 3195 1467 3253; x_wconf 91' lang='lat' dir='ltr'>ut</span> 
     </span>
     <span class='ocr_line' id='line_1_33' title="bbox 141 3280 1467 3369; baseline -0.002 -21"><span class='ocrx_word' id='word_1_317' title='bbox 141 3283 337 3348; x_wconf 89' lang='lat' dir='ltr'>meminisset</span> <span class='ocrx_word' id='word_1_318' title='bbox 358 3301 457 3368; x_wconf 88' lang='lat' dir='ltr'>opera</span> <span class='ocrx_word' id='word_1_319' title='bbox 478 3302 534 3348; x_wconf 91' lang='lat' dir='ltr'>sua</span> <span class='ocrx_word' id='word_1_320' title='bbox 555 3305 589 3348; x_wconf 89' lang='lat' dir='ltr'>se</span> <span class='ocrx_word' id='word_1_321' title='bbox 604 3287 774 3348; x_wconf 89' lang='lat' dir='ltr'>Tarentum</span> <span class='ocrx_word' id='word_1_322' title='bbox 790 3282 971 3366; x_wconf 89' lang='lat' dir='ltr'>recepisse:</span> <span class='ocrx_word' id='word_1_323' title='bbox 995 3280 1165 3361; x_wconf 87' lang='lat' dir='ltr'>Quidni,</span> <span class='ocrx_word' id='word_1_324' title='bbox 1188 3283 1306 3369; x_wconf 90' lang='lat' dir='ltr'>iuquit,</span> <span class='ocrx_word' id='word_1_325' title='bbox 1330 3282 1467 3347; x_wconf 91' lang='lat' dir='ltr'>memi-</span> 
     </span>
     <span class='ocr_line' id='line_1_34' title="bbox 140 3375 1468 3463; baseline 0.003 -23"><span class='ocrx_word' id='word_1_326' title='bbox 140 3376 288 3441; x_wconf 73' lang='lat' dir='ltr'>nerim?</span> <span class='ocrx_word' id='word_1_327' title='bbox 309 3395 508 3459; x_wconf 90' lang='lat' dir='ltr'>nunquam</span> <span class='ocrx_word' id='word_1_328' title='bbox 532 3376 638 3441; x_wconf 91' lang='lat' dir='ltr'>enim</span> <span class='ocrx_word' id='word_1_329' title='bbox 658 3378 919 3461; x_wconf 90' lang='lat' dir='ltr'>recepissem,</span> <span class='ocrx_word' id='word_1_330' title='bbox 941 3375 1020 3442; x_wconf 91' lang='lat' dir='ltr'>nisi</span> <span class='ocrx_word' id='word_1_331' title='bbox 1041 3375 1353 3463; x_wconf 86' lang='lat' dir='ltr'>tuperdidisses.</span> <span class='ocrx_word' id='word_1_332' title='bbox 1396 3379 1468 3444; x_wconf 80' lang='grc'><strong>274.</strong></span> 
     </span>
     <span class='ocr_line' id='line_1_35' title="bbox 142 3467 1468 3557; baseline 0.002 -25"><span class='ocrx_word' id='word_1_333' title='bbox 142 3472 221 3533; x_wconf 91' lang='lat' dir='ltr'>Sunt</span> <span class='ocrx_word' id='word_1_334' title='bbox 253 3471 346 3535; x_wconf 89' lang='lat' dir='ltr'>etiam</span> <span class='ocrx_word' id='word_1_335' title='bbox 375 3468 429 3534; x_wconf 86' lang='lat' dir='ltr'>illa</span> <span class='ocrx_word' id='word_1_336' title='bbox 455 3468 665 3544; x_wconf 90' lang='lat' dir='ltr'>subabsurda,</span> <span class='ocrx_word' id='word_1_337' title='bbox 698 3470 754 3535; x_wconf 89' lang='lat' dir='ltr'>sed</span> <span class='ocrx_word' id='word_1_338' title='bbox 783 3489 821 3533; x_wconf 93' lang='lat' dir='ltr'>eo</span> <span class='ocrx_word' id='word_1_339' title='bbox 851 3472 923 3553; x_wconf 90' lang='lat' dir='ltr'>ipso</span> <span class='ocrx_word' id='word_1_340' title='bbox 948 3471 1077 3536; x_wconf 87' lang='lat' dir='ltr'>nomine</span> <span class='ocrx_word' id='word_1_341' title='bbox 1105 3488 1199 3557; x_wconf 89' lang='lat' dir='ltr'>saepe</span> <span class='ocrx_word' id='word_1_342' title='bbox 1220 3467 1370 3544; x_wconf 89' lang='lat' dir='ltr'>ridicula,</span> <span class='ocrx_word' id='word_1_343' title='bbox 1405 3489 1468 3536; x_wconf 90' lang='lat' dir='ltr'>uon</span> 
     </span>
     <span class='ocr_line' id='line_1_36' title="bbox 142 3561 1505 3651; baseline -0.001 -24"><span class='ocrx_word' id='word_1_344' title='bbox 142 3565 244 3627; x_wconf 90' lang='lat' dir='ltr'>solum</span> <span class='ocrx_word' id='word_1_345' title='bbox 266 3561 371 3629; x_wconf 91' lang='lat' dir='ltr'>mimis</span> <span class='ocrx_word' id='word_1_346' title='bbox 392 3565 591 3651; x_wconf 89' lang='lat' dir='ltr'>perapposita</span> <span class='ocrx_word' id='word_1_347' title='bbox 612 3563 669 3631; x_wconf 92' lang='lat' dir='ltr'>sed</span> <span class='ocrx_word' id='word_1_348' title='bbox 690 3565 786 3629; x_wconf 89' lang='lat' dir='ltr'>etiam</span> <span class='ocrx_word' id='word_1_349' title='bbox 808 3567 1042 3649; x_wconf 90' lang='lat' dir='ltr'>quodammodo</span> <span class='ocrx_word' id='word_1_350' title='bbox 1062 3561 1171 3629; x_wconf 87' lang='lat' dir='ltr'>nobis:</span> <span class='ocrx_word' id='word_1_351' title='bbox 1478 3585 1505 3626; x_wconf 77' lang='lat' dir='ltr'>ss</span> 
     </span>
    </p>
   </div>
   <div class='ocr_carea' id='block_1_3' title="bbox 563 3707 802 3790">
    <p class='ocr_par' dir='ltr' id='par_1_3' title="bbox 563 3707 802 3790">
     <span class='ocr_line' id='line_1_37' title="bbox 563 3707 802 3790; baseline 0.008 -23"><span class='ocrx_word' id='word_1_352' title='bbox 563 3707 661 3769; x_wconf 76' lang='lat' dir='ltr'>[lonso</span> <span class='ocrx_word' id='word_1_353' title='bbox 679 3708 802 3790; x_wconf 76' lang='lat' dir='ltr'>fatuus,</span> 
     </span>
    </p>
   </div>
   <div class='ocr_carea' id='block_1_4' title="bbox 145 3800 1060 3972">
    <p class='ocr_par' dir='ltr' id='par_1_4' title="bbox 145 3800 1060 3972">
     <span class='ocr_line' id='line_1_38' title="bbox 311 3800 1060 3882; baseline 0.001 -21"><span class='ocrx_word' id='word_1_354' title='bbox 311 3800 473 3880; x_wconf 80' lang='lat' dir='ltr'>Postquam</span> <span class='ocrx_word' id='word_1_355' title='bbox 493 3817 557 3862; x_wconf 77' lang='lat' dir='ltr'>ressa</span> <span class='ocrx_word' id='word_1_356' title='bbox 577 3800 683 3863; x_wconf 83' lang='lat' dir='ltr'>habere</span> <span class='ocrx_word' id='word_1_357' title='bbox 703 3803 814 3882; x_wconf 83' lang='lat' dir='ltr'>coepit,</span> <span class='ocrx_word' id='word_1_358' title='bbox 837 3811 880 3864; x_wconf 83' lang='lat' dir='ltr'>est</span> <span class='ocrx_word' id='word_1_359' title='bbox 900 3808 1060 3864; x_wconf 81' lang='lat' dir='ltr'>ssuortssus.</span> 
     </span>
     <span class='ocr_line' id='line_1_39' title="bbox 145 3894 800 3972; baseline 0.005 -18"><span class='ocrx_word' id='word_1_360' title='bbox 145 3900 199 3955; x_wconf 89' lang='lat' dir='ltr'>et:</span> <span class='ocrx_word' id='word_1_361' title='bbox 582 3894 662 3972; x_wconf 80' lang='lat' dir='ltr'>Quid</span> <span class='ocrx_word' id='word_1_362' title='bbox 682 3904 725 3957; x_wconf 80' lang='lat' dir='ltr'>est</span> <span class='ocrx_word' id='word_1_363' title='bbox 746 3895 800 3957; x_wconf 84' lang='lat' dir='ltr'>tihi</span> 
     </span>
    </p>
   </div>
   <div class='ocr_carea' id='block_1_5' title="bbox 144 4077 1474 4914">
    <p class='ocr_par' dir='ltr' id='par_1_5' title="bbox 144 4077 1474 4914">
     <span class='ocr_line' id='line_1_40' title="bbox 215 4077 1471 4144; baseline 0.002 -14"><span class='ocrx_word' id='word_1_364' title='bbox 215 4082 241 4131; x_wconf 86' lang='lat'>1.</span> <span class='ocrx_word' id='word_1_365' title='bbox 263 4077 361 4143; x_wconf 76' lang='lat' dir='ltr'>Toeto]</span> <span class='ocrx_word' id='word_1_366' title='bbox 383 4082 476 4132; x_wconf 77' lang='lat' dir='ltr'>Tacito</span> <span class='ocrx_word' id='word_1_367' title='bbox 493 4081 650 4144; x_wconf 83' lang='lat' dir='ltr'>Sebutstus,</span> <span class='ocrx_word' id='word_1_368' title='bbox 671 4085 747 4134; x_wconf 84' lang='lat' dir='ltr'>locta</span> <span class='ocrx_word' id='word_1_369' title='bbox 758 4083 866 4135; x_wconf 81' lang='grc' dir='ltr'>Βιιιιιιι.</span> <span class='ocrx_word' id='word_1_370' title='bbox 886 4082 992 4139; x_wconf 77' lang='lat' dir='ltr'>(Omnis</span> <span class='ocrx_word' id='word_1_371' title='bbox 1004 4083 1070 4134; x_wconf 82' lang='lat' dir='ltr'>hsce</span> <span class='ocrx_word' id='word_1_372' title='bbox 1083 4082 1172 4131; x_wconf 81' lang='lat' dir='ltr'>Tanto</span> <span class='ocrx_word' id='word_1_373' title='bbox 1184 4107 1195 4118; x_wconf 93' lang='lat'>-</span> <span class='ocrx_word' id='word_1_374' title='bbox 1206 4107 1218 4118; x_wconf 92' lang='lat'><strong>·</strong></span> <span class='ocrx_word' id='word_1_375' title='bbox 1229 4081 1325 4133; x_wconf 72' lang='lat' dir='ltr'>locoru</span> <span class='ocrx_word' id='word_1_376' title='bbox 1342 4094 1395 4131; x_wconf 91' lang='lat' dir='ltr'>uon</span> <span class='ocrx_word' id='word_1_377' title='bbox 1414 4082 1471 4132; x_wconf 86' lang='lat' dir='ltr'>stne</span> 
     </span>
     <span class='ocr_line' id='line_1_41' title="bbox 146 4150 1473 4216; baseline -0.003 -14"><span class='ocrx_word' id='word_1_378' title='bbox 146 4162 225 4202; x_wconf 80' lang='lat' dir='ltr'>osuss</span> <span class='ocrx_word' id='word_1_379' title='bbox 236 4156 359 4213; x_wconf 82' lang='lat' dir='ltr'>suspects</span> <span class='ocrx_word' id='word_1_380' title='bbox 371 4158 447 4202; x_wconf 86' lang='lat' dir='ltr'>ersot</span> <span class='ocrx_word' id='word_1_381' title='bbox 459 4150 601 4216; x_wconf 79' lang='lat' dir='ltr'>Ernestto.)</span> <span class='ocrx_word' id='word_1_382' title='bbox 616 4177 647 4190; x_wconf 93' lang='lat'>-</span> <span class='ocrx_word' id='word_1_383' title='bbox 665 4154 692 4203; x_wconf 82' lang='grc'>2.</span> <span class='ocrx_word' id='word_1_384' title='bbox 712 4153 836 4206; x_wconf 76' lang='lat' dir='ltr'>uideatur</span> <span class='ocrx_word' id='word_1_385' title='bbox 854 4159 944 4204; x_wconf 84' lang='lat' dir='ltr'>nostes·</span> <span class='ocrx_word' id='word_1_386' title='bbox 961 4153 1102 4204; x_wconf 67' lang='lat' dir='ltr'>Mammeos</span> <span class='ocrx_word' id='word_1_387' title='bbox 1114 4152 1147 4202; x_wconf 90' lang='grc' dir='ltr'>Β.</span> <span class='ocrx_word' id='word_1_388' title='bbox 1162 4176 1193 4191; x_wconf 91' lang='lat'>-·</span> <span class='ocrx_word' id='word_1_389' title='bbox 1212 4151 1240 4202; x_wconf 72' lang='grc'>1.</span> <span class='ocrx_word' id='word_1_390' title='bbox 1259 4154 1397 4201; x_wconf 81' lang='lat' dir='ltr'>contrario</span> <span class='ocrx_word' id='word_1_391' title='bbox 1414 4164 1473 4200; x_wconf 82' lang='lat' dir='ltr'>cum</span> 
     </span>
     <span class='ocr_line' id='line_1_42' title="bbox 145 4220 1473 4287; baseline -0.002 -15"><span class='ocrx_word' id='word_1_392' title='bbox 145 4223 178 4272; x_wconf 89' lang='grc' dir='ltr'>Β.</span> <span class='ocrx_word' id='word_1_393' title='bbox 191 4247 219 4258; x_wconf 95' lang='grc'>-</span> <span class='ocrx_word' id='word_1_394' title='bbox 240 4220 267 4271; x_wconf 83' lang='grc'>5.</span> <span class='ocrx_word' id='word_1_395' title='bbox 287 4220 381 4270; x_wconf 80' lang='lat' dir='ltr'>leudos</span> <span class='ocrx_word' id='word_1_396' title='bbox 394 4222 425 4272; x_wconf 89' lang='grc' dir='ltr'>Β.</span> <span class='ocrx_word' id='word_1_397' title='bbox 440 4245 471 4259; x_wconf 90' lang='grc'>-</span> <span class='ocrx_word' id='word_1_398' title='bbox 490 4223 516 4273; x_wconf 78' lang='grc' dir='ltr'>Β.</span> <span class='ocrx_word' id='word_1_399' title='bbox 536 4223 641 4287; x_wconf 81' lang='lat' dir='ltr'>loquere</span> <span class='ocrx_word' id='word_1_400' title='bbox 652 4224 684 4274; x_wconf 92' lang='grc' dir='ltr'>Β.</span> <span class='ocrx_word' id='word_1_401' title='bbox 702 4246 729 4258; x_wconf 94' lang='grc'><strong>-</strong></span> <span class='ocrx_word' id='word_1_402' title='bbox 750 4226 794 4274; x_wconf 90' lang='grc'>11.</span> <span class='ocrx_word' id='word_1_403' title='bbox 812 4227 842 4274; x_wconf 82' lang='lat' dir='ltr'>lo</span> <span class='ocrx_word' id='word_1_404' title='bbox 859 4223 1000 4274; x_wconf 73' lang='lat' dir='ltr'>aestatibus</span> <span class='ocrx_word' id='word_1_405' title='bbox 1017 4247 1030 4262; x_wconf 92' lang='lat'><strong>·</strong></span> <span class='ocrx_word' id='word_1_406' title='bbox 1046 4249 1058 4260; x_wconf 94' lang='lat'>·</span> <span class='ocrx_word' id='word_1_407' title='bbox 1074 4225 1156 4273; x_wconf 81' lang='lat' dir='ltr'>uerbo</span> <span class='ocrx_word' id='word_1_408' title='bbox 1169 4234 1222 4272; x_wconf 88' lang='lat' dir='ltr'>om.</span> <span class='ocrx_word' id='word_1_409' title='bbox 1240 4221 1271 4271; x_wconf 82' lang='grc' dir='ltr'>Β.</span> <span class='ocrx_word' id='word_1_410' title='bbox 1293 4246 1324 4256; x_wconf 91' lang='grc'><strong>-</strong></span> <span class='ocrx_word' id='word_1_411' title='bbox 1343 4222 1388 4272; x_wconf 85' lang='grc'>12.</span> <span class='ocrx_word' id='word_1_412' title='bbox 1407 4220 1473 4269; x_wconf 77' lang='lat' dir='ltr'>dtcts</span> 
     </span>
     <span class='ocr_line' id='line_1_43' title="bbox 144 4289 1473 4360; baseline -0.001 -19"><span class='ocrx_word' id='word_1_413' title='bbox 144 4291 255 4341; x_wconf 79' lang='lat' dir='ltr'>muttum</span> <span class='ocrx_word' id='word_1_414' title='bbox 271 4289 353 4352; x_wconf 69' lang='lat' dir='ltr'>fuisse</span> <span class='ocrx_word' id='word_1_415' title='bbox 369 4292 466 4343; x_wconf 84' lang='lat' dir='ltr'>mssot:</span> <span class='ocrx_word' id='word_1_416' title='bbox 483 4293 602 4353; x_wconf 78' lang='lat' dir='ltr'>Ellendt,</span> <span class='ocrx_word' id='word_1_417' title='bbox 620 4295 685 4344; x_wconf 77' lang='lat' dir='ltr'>dtett</span> <span class='ocrx_word' id='word_1_418' title='bbox 702 4293 824 4360; x_wconf 74' lang='lat' dir='ltr'>floruisse</span> <span class='ocrx_word' id='word_1_419' title='bbox 842 4294 950 4343; x_wconf 84' lang='grc' dir='ltr'>Βιιιιιιι.</span> <span class='ocrx_word' id='word_1_420' title='bbox 970 4293 1024 4344; x_wconf 84' lang='lat' dir='ltr'>Sed</span> <span class='ocrx_word' id='word_1_421' title='bbox 1042 4293 1106 4343; x_wconf 85' lang='lat' dir='ltr'>lttud</span> <span class='ocrx_word' id='word_1_422' title='bbox 1121 4298 1252 4354; x_wconf 80' lang='lat' dir='ltr'>praestat,</span> <span class='ocrx_word' id='word_1_423' title='bbox 1273 4290 1351 4343; x_wconf 88' lang='lat' dir='ltr'>modo</span> <span class='ocrx_word' id='word_1_424' title='bbox 1369 4295 1407 4341; x_wconf 87' lang='lat' dir='ltr'>sto</span> <span class='ocrx_word' id='word_1_425' title='bbox 1420 4291 1473 4340; x_wconf 87' lang='lat' dir='ltr'>eol·</span> 
     </span>
     <span class='ocr_line' id='line_1_44' title="bbox 146 4360 1474 4425; baseline -0.002 -13"><span class='ocrx_word' id='word_1_426' title='bbox 146 4361 234 4412; x_wconf 83' lang='lat' dir='ltr'>loces:</span> <span class='ocrx_word' id='word_1_427' title='bbox 254 4361 430 4411; x_wconf 80' lang='lat' dir='ltr'>Aeoatlioousn</span> <span class='ocrx_word' id='word_1_428' title='bbox 441 4363 561 4412; x_wconf 72' lang='lat' dir='ltr'>muttum</span> <span class='ocrx_word' id='word_1_429' title='bbox 581 4364 634 4416; x_wconf 81' lang='grc' dir='ltr'>Οι.</span> <span class='ocrx_word' id='word_1_430' title='bbox 651 4388 681 4401; x_wconf 94' lang='grc'>-</span> <span class='ocrx_word' id='word_1_431' title='bbox 701 4365 780 4415; x_wconf 77' lang='lat' dir='ltr'>trono</span> <span class='ocrx_word' id='word_1_432' title='bbox 791 4365 813 4415; x_wconf 82' lang='lat' dir='ltr'>ll</span> <span class='ocrx_word' id='word_1_433' title='bbox 824 4398 832 4425; x_wconf 95' lang='lat'>,</span> <span class='ocrx_word' id='word_1_434' title='bbox 850 4365 968 4413; x_wconf 81' lang='lat' dir='ltr'>trentam</span> <span class='ocrx_word' id='word_1_435' title='bbox 978 4363 1010 4413; x_wconf 89' lang='grc' dir='ltr'>Β.</span> <span class='ocrx_word' id='word_1_436' title='bbox 1030 4388 1060 4401; x_wconf 93' lang='grc'>-</span> <span class='ocrx_word' id='word_1_437' title='bbox 1081 4363 1124 4413; x_wconf 85' lang='grc'>13.</span> <span class='ocrx_word' id='word_1_438' title='bbox 1144 4364 1192 4412; x_wconf 82' lang='lat' dir='ltr'>Aoo</span> <span class='ocrx_word' id='word_1_439' title='bbox 1207 4377 1236 4412; x_wconf 84' lang='lat' dir='ltr'>n.</span> <span class='ocrx_word' id='word_1_440' title='bbox 1251 4362 1285 4411; x_wconf 90' lang='grc' dir='ltr'>Β.</span> <span class='ocrx_word' id='word_1_441' title='bbox 1299 4385 1331 4396; x_wconf 95' lang='grc'>-</span> <span class='ocrx_word' id='word_1_442' title='bbox 1350 4360 1392 4411; x_wconf 83' lang='grc'>18.</span> <span class='ocrx_word' id='word_1_443' title='bbox 1406 4361 1474 4411; x_wconf 80' lang='lat' dir='ltr'>Nous</span> 
     </span>
     <span class='ocr_line' id='line_1_45' title="bbox 145 4430 1472 4500; baseline -0.002 -18"><span class='ocrx_word' id='word_1_444' title='bbox 145 4434 216 4482; x_wconf 77' lang='lat' dir='ltr'>usus</span> <span class='ocrx_word' id='word_1_445' title='bbox 233 4432 305 4495; x_wconf 79' lang='lat' dir='ltr'>quod</span> <span class='ocrx_word' id='word_1_446' title='bbox 322 4430 420 4483; x_wconf 77' lang='lat' dir='ltr'>Battus</span> <span class='ocrx_word' id='word_1_447' title='bbox 439 4439 467 4483; x_wconf 84' lang='lat' dir='ltr'>et</span> <span class='ocrx_word' id='word_1_448' title='bbox 484 4433 603 4484; x_wconf 83' lang='lat' dir='ltr'>Ellendt:</span> <span class='ocrx_word' id='word_1_449' title='bbox 622 4447 686 4483; x_wconf 82' lang='lat' dir='ltr'>nom</span> <span class='ocrx_word' id='word_1_450' title='bbox 702 4442 765 4485; x_wconf 81' lang='lat' dir='ltr'>sust</span> <span class='ocrx_word' id='word_1_451' title='bbox 782 4435 853 4500; x_wconf 80' lang='lat' dir='ltr'>quod</span> <span class='ocrx_word' id='word_1_452' title='bbox 870 4434 946 4484; x_wconf 83' lang='lat' dir='ltr'>held.</span> <span class='ocrx_word' id='word_1_453' title='bbox 966 4434 1029 4496; x_wconf 77' lang='lat' dir='ltr'>Lsg.</span> <span class='ocrx_word' id='word_1_454' title='bbox 1048 4432 1076 4482; x_wconf 79' lang='grc'>2.</span> <span class='ocrx_word' id='word_1_455' title='bbox 1095 4432 1155 4493; x_wconf 71' lang='lat' dir='ltr'>Sd,</span> <span class='ocrx_word' id='word_1_456' title='bbox 1180 4445 1243 4481; x_wconf 79' lang='lat' dir='ltr'>nom</span> <span class='ocrx_word' id='word_1_457' title='bbox 1260 4430 1331 4496; x_wconf 83' lang='lat' dir='ltr'>qood</span> <span class='ocrx_word' id='word_1_458' title='bbox 1348 4430 1424 4480; x_wconf 83' lang='grc' dir='ltr'><strong>ΒΒΒ.</strong></span> <span class='ocrx_word' id='word_1_459' title='bbox 1439 4453 1472 4466; x_wconf 88' lang='grc'>-</span> 
     </span>
     <span class='ocr_line' id='line_1_46' title="bbox 146 4499 1471 4567; baseline -0.003 -15"><span class='ocrx_word' id='word_1_460' title='bbox 146 4499 229 4565; x_wconf 74' lang='lat' dir='ltr'>apud]</span> <span class='ocrx_word' id='word_1_461' title='bbox 248 4506 311 4551; x_wconf 81' lang='lat' dir='ltr'>ants</span> <span class='ocrx_word' id='word_1_462' title='bbox 329 4500 363 4552; x_wconf 92' lang='grc' dir='ltr'>Β.</span> <span class='ocrx_word' id='word_1_463' title='bbox 384 4527 416 4538; x_wconf 98' lang='grc'>-</span> <span class='ocrx_word' id='word_1_464' title='bbox 435 4502 478 4552; x_wconf 81' lang='grc'>19.</span> <span class='ocrx_word' id='word_1_465' title='bbox 497 4506 544 4567; x_wconf 83' lang='lat' dir='ltr'>qul</span> <span class='ocrx_word' id='word_1_466' title='bbox 559 4517 612 4554; x_wconf 88' lang='lat' dir='ltr'>om.</span> <span class='ocrx_word' id='word_1_467' title='bbox 631 4504 666 4555; x_wconf 89' lang='grc' dir='ltr'>Β.</span> <span class='ocrx_word' id='word_1_468' title='bbox 690 4529 718 4542; x_wconf 89' lang='grc'>-</span> <span class='ocrx_word' id='word_1_469' title='bbox 736 4506 822 4555; x_wconf 79' lang='lat' dir='ltr'>multu</span> <span class='ocrx_word' id='word_1_470' title='bbox 835 4501 983 4567; x_wconf 74' lang='lat' dir='ltr'>possesor]</span> <span class='ocrx_word' id='word_1_471' title='bbox 1003 4500 1140 4565; x_wconf 84' lang='lat' dir='ltr'>complura</span> <span class='ocrx_word' id='word_1_472' title='bbox 1156 4507 1294 4565; x_wconf 74' lang='lat' dir='ltr'>ponuntur</span> <span class='ocrx_word' id='word_1_473' title='bbox 1312 4513 1342 4551; x_wconf 85' lang='lat' dir='ltr'>er</span> <span class='ocrx_word' id='word_1_474' title='bbox 1360 4500 1424 4564; x_wconf 76' lang='lat' dir='ltr'>Lag.</span> <span class='ocrx_word' id='word_1_475' title='bbox 1444 4499 1471 4548; x_wconf 68' lang='grc' dir='ltr'><strong>Β</strong></span> 
     </span>
     <span class='ocr_line' id='line_1_47' title="bbox 147 4570 1472 4637; baseline -0.002 -16"><span class='ocrx_word' id='word_1_476' title='bbox 147 4570 191 4622; x_wconf 76' lang='lat' dir='ltr'>Sd.</span> <span class='ocrx_word' id='word_1_477' title='bbox 205 4572 238 4622; x_wconf 85' lang='lat' dir='ltr'>T.</span> <span class='ocrx_word' id='word_1_478' title='bbox 258 4571 311 4623; x_wconf 83' lang='lat' dir='ltr'>Sed</span> <span class='ocrx_word' id='word_1_479' title='bbox 326 4578 367 4623; x_wconf 86' lang='lat' dir='ltr'>est</span> <span class='ocrx_word' id='word_1_480' title='bbox 378 4573 516 4624; x_wconf 87' lang='lat' dir='ltr'>srbttrsrls</span> <span class='ocrx_word' id='word_1_481' title='bbox 534 4577 662 4625; x_wconf 78' lang='lat' dir='ltr'>eorrectio</span> <span class='ocrx_word' id='word_1_482' title='bbox 680 4573 799 4628; x_wconf 79' lang='lat' dir='ltr'>vocabuit</span> <span class='ocrx_word' id='word_1_483' title='bbox 817 4578 911 4637; x_wconf 84' lang='lat' dir='ltr'>astque</span> <span class='ocrx_word' id='word_1_484' title='bbox 930 4575 1056 4635; x_wconf 80' lang='lat' dir='ltr'>eonupsl.</span> <span class='ocrx_word' id='word_1_485' title='bbox 1082 4574 1171 4625; x_wconf 72' lang='lat' dir='ltr'>listina</span> <span class='ocrx_word' id='word_1_486' title='bbox 1191 4571 1316 4634; x_wconf 76' lang='lat' dir='ltr'>equidem</span> <span class='ocrx_word' id='word_1_487' title='bbox 1333 4570 1472 4621; x_wconf 77' lang='lat' dir='ltr'>nonnullo.</span> 
     </span>
     <span class='ocr_line' id='line_1_48' title="bbox 148 4640 1472 4708; baseline -0.004 -15"><span class='ocrx_word' id='word_1_488' title='bbox 148 4642 201 4693; x_wconf 80' lang='grc' dir='ltr'>Οι.</span> <span class='ocrx_word' id='word_1_489' title='bbox 214 4668 245 4681; x_wconf 92' lang='grc'>-</span> <span class='ocrx_word' id='word_1_490' title='bbox 262 4642 307 4692; x_wconf 77' lang='grc'>21.</span> <span class='ocrx_word' id='word_1_491' title='bbox 323 4644 426 4706; x_wconf 78' lang='lat' dir='ltr'>quiduis</span> <span class='ocrx_word' id='word_1_492' title='bbox 444 4641 677 4707; x_wconf 63' lang='lat' dir='ltr'>campomartis,</span> <span class='ocrx_word' id='word_1_493' title='bbox 696 4647 811 4697; x_wconf 79' lang='lat' dir='ltr'>euiusots</span> <span class='ocrx_word' id='word_1_494' title='bbox 823 4646 948 4708; x_wconf 79' lang='lat' dir='ltr'>temporis</span> <span class='ocrx_word' id='word_1_495' title='bbox 962 4643 995 4694; x_wconf 86' lang='lat' dir='ltr'>ds</span> <span class='ocrx_word' id='word_1_496' title='bbox 1008 4645 1097 4695; x_wconf 81' lang='lat' dir='ltr'>neseio</span> <span class='ocrx_word' id='word_1_497' title='bbox 1111 4647 1185 4693; x_wconf 87' lang='lat' dir='ltr'>culus</span> <span class='ocrx_word' id='word_1_498' title='bbox 1203 4645 1273 4692; x_wconf 89' lang='lat' dir='ltr'>cont.</span> <span class='ocrx_word' id='word_1_499' title='bbox 1293 4640 1365 4701; x_wconf 87' lang='lat' dir='ltr'>apud</span> <span class='ocrx_word' id='word_1_500' title='bbox 1377 4640 1472 4691; x_wconf 79' lang='lat' dir='ltr'>hamb.</span> 
     </span>
     <span class='ocr_line' id='line_1_49' title="bbox 147 4709 1472 4778; baseline -0.003 -15"><span class='ocrx_word' id='word_1_501' title='bbox 147 4712 180 4763; x_wconf 83' lang='lat' dir='ltr'>T.</span> <span class='ocrx_word' id='word_1_502' title='bbox 199 4736 233 4751; x_wconf 92' lang='lat'>-</span> <span class='ocrx_word' id='word_1_503' title='bbox 259 4724 287 4761; x_wconf 88' lang='lat' dir='ltr'>ss</span> <span class='ocrx_word' id='word_1_504' title='bbox 303 4724 348 4762; x_wconf 84' lang='lat' dir='ltr'>sss</span> <span class='ocrx_word' id='word_1_505' title='bbox 368 4711 450 4764; x_wconf 83' lang='lat' dir='ltr'>codd.</span> <span class='ocrx_word' id='word_1_506' title='bbox 470 4713 521 4763; x_wconf 78' lang='lat' dir='ltr'>ab:</span> <span class='ocrx_word' id='word_1_507' title='bbox 540 4725 583 4763; x_wconf 80' lang='lat' dir='ltr'>sss</span> <span class='ocrx_word' id='word_1_508' title='bbox 599 4726 627 4764; x_wconf 92' lang='lat' dir='ltr'>ss</span> <span class='ocrx_word' id='word_1_509' title='bbox 642 4713 685 4778; x_wconf 89' lang='grc' dir='ltr'>(Β)</span> <span class='ocrx_word' id='word_1_510' title='bbox 704 4715 758 4766; x_wconf 84' lang='grc' dir='ltr'>ΒΒ.</span> <span class='ocrx_word' id='word_1_511' title='bbox 780 4740 809 4752; x_wconf 98' lang='grc'><strong>-</strong></span> <span class='ocrx_word' id='word_1_512' title='bbox 837 4715 882 4766; x_wconf 77' lang='grc'>23.</span> <span class='ocrx_word' id='word_1_513' title='bbox 901 4715 1036 4765; x_wconf 75' lang='lat' dir='ltr'>esstodtos</span> <span class='ocrx_word' id='word_1_514' title='bbox 1051 4711 1141 4775; x_wconf 77' lang='lat' dir='ltr'>conso]</span> <span class='ocrx_word' id='word_1_515' title='bbox 1161 4714 1293 4762; x_wconf 80' lang='lat' dir='ltr'>custodem</span> <span class='ocrx_word' id='word_1_516' title='bbox 1310 4710 1341 4759; x_wconf 90' lang='grc' dir='ltr'>Β.</span> <span class='ocrx_word' id='word_1_517' title='bbox 1366 4735 1395 4748; x_wconf 94' lang='grc'>-</span> <span class='ocrx_word' id='word_1_518' title='bbox 1426 4709 1472 4760; x_wconf 81' lang='grc'>23.</span> 
     </span>
     <span class='ocr_line' id='line_1_50' title="bbox 147 4779 1471 4849; baseline -0.001 -17"><span class='ocrx_word' id='word_1_519' title='bbox 147 4783 237 4833; x_wconf 79' lang='lat' dir='ltr'>Ls&#39;oius</span> <span class='ocrx_word' id='word_1_520' title='bbox 255 4782 339 4832; x_wconf 73' lang='lat' dir='ltr'>lolius</span> <span class='ocrx_word' id='word_1_521' title='bbox 357 4784 510 4834; x_wconf 72' lang='lat' dir='ltr'>retinuisset</span> <span class='ocrx_word' id='word_1_522' title='bbox 526 4783 559 4834; x_wconf 92' lang='grc' dir='ltr'>Β.</span> <span class='ocrx_word' id='word_1_523' title='bbox 573 4807 604 4821; x_wconf 90' lang='grc'>-</span> <span class='ocrx_word' id='word_1_524' title='bbox 623 4785 667 4835; x_wconf 80' lang='lat' dir='ltr'>St.</span> <span class='ocrx_word' id='word_1_525' title='bbox 688 4781 756 4849; x_wconf 79' lang='lat' dir='ltr'>sum]</span> <span class='ocrx_word' id='word_1_526' title='bbox 774 4791 832 4836; x_wconf 77' lang='lat' dir='ltr'>som</span> <span class='ocrx_word' id='word_1_527' title='bbox 848 4786 882 4836; x_wconf 87' lang='grc' dir='ltr'>Β.</span> <span class='ocrx_word' id='word_1_528' title='bbox 903 4810 936 4821; x_wconf 93' lang='grc'>-</span> <span class='ocrx_word' id='word_1_529' title='bbox 955 4782 999 4834; x_wconf 89' lang='grc'>33.</span> <span class='ocrx_word' id='word_1_530' title='bbox 1018 4780 1098 4844; x_wconf 81' lang='lat' dir='ltr'>sulm]</span> <span class='ocrx_word' id='word_1_531' title='bbox 1117 4794 1165 4846; x_wconf 76' lang='lat' dir='ltr'>spo</span> <span class='ocrx_word' id='word_1_532' title='bbox 1182 4783 1217 4833; x_wconf 90' lang='grc' dir='ltr'>Β.</span> <span class='ocrx_word' id='word_1_533' title='bbox 1238 4805 1269 4820; x_wconf 90' lang='lat'>·-</span> <span class='ocrx_word' id='word_1_534' title='bbox 1287 4782 1419 4832; x_wconf 80' lang='lat' dir='ltr'>omtstssss</span> <span class='ocrx_word' id='word_1_535' title='bbox 1436 4779 1471 4831; x_wconf 85' lang='lat' dir='ltr'>u.</span> 
     </span>
     <span class='ocr_line' id='line_1_51' title="bbox 151 4851 1384 4914; baseline -0.002 -12"><span class='ocrx_word' id='word_1_536' title='bbox 151 4877 179 4889; x_wconf 95' lang='lat'>-</span> <span class='ocrx_word' id='word_1_537' title='bbox 210 4851 254 4902; x_wconf 76' lang='grc'>34.</span> <span class='ocrx_word' id='word_1_538' title='bbox 273 4851 340 4905; x_wconf 82' lang='lat' dir='ltr'>Susst</span> <span class='ocrx_word' id='word_1_539' title='bbox 359 4856 438 4904; x_wconf 78' lang='lat' dir='ltr'>etiosa</span> <span class='ocrx_word' id='word_1_540' title='bbox 455 4853 514 4914; x_wconf 84' lang='lat' dir='ltr'>illo]</span> <span class='ocrx_word' id='word_1_541' title='bbox 532 4853 585 4904; x_wconf 83' lang='lat' dir='ltr'>Sub</span> <span class='ocrx_word' id='word_1_542' title='bbox 603 4856 653 4906; x_wconf 81' lang='lat' dir='ltr'>illo</span> <span class='ocrx_word' id='word_1_543' title='bbox 669 4857 701 4907; x_wconf 84' lang='grc' dir='ltr'>Β.</span> <span class='ocrx_word' id='word_1_544' title='bbox 721 4880 752 4892; x_wconf 95' lang='grc'>-</span> <span class='ocrx_word' id='word_1_545' title='bbox 772 4854 817 4907; x_wconf 85' lang='grc'><strong>37.</strong></span> <span class='ocrx_word' id='word_1_546' title='bbox 835 4859 966 4909; x_wconf 68' lang='lat' dir='ltr'>ssssstws</span> <span class='ocrx_word' id='word_1_547' title='bbox 984 4854 1149 4906; x_wconf 76' lang='lat' dir='ltr'>Lambinus:</span> <span class='ocrx_word' id='word_1_548' title='bbox 1168 4859 1288 4903; x_wconf 81' lang='lat' dir='ltr'>mortuus</span> <span class='ocrx_word' id='word_1_549' title='bbox 1305 4851 1384 4902; x_wconf 91' lang='grc' dir='ltr'><strong>ΒΒΒ.</strong></span> 
     </span>
    </p>
   </div>
   <div class='ocr_carea' id='block_1_6' title="bbox 0 0 1647 5392">
    <p class='ocr_par' dir='ltr' id='par_1_6' title="bbox 0 0 1647 5392">
     <span class='ocr_line' id='line_1_52' title="bbox 0 0 1647 5392; baseline 0 0"><span class='ocrx_word' id='word_1_550' title='bbox 0 0 1647 5392; x_wconf 95' lang='lat' dir='ltr'> </span> 
     </span>
    </p>
   </div>
  </div>
 </body>
</html>
