3232 5392
192 195 255 261 319
724 186 778 254 bu
801 185 990 254 ouhuoun

191 358 255 420 Sed
276 354 347 440 plns
369 372 484 440 operae
505 348 576 417 soro
597 343 773 424 tribuebat,
795 345 919 422 amicis,
942 347 991 414 rei
1011 345 1168 413 familiari.
1200 348 1358 414 ’Valerius
1382 345 1522 434 quotidie

191 452 353 525 cantaban
378 444 552 512 eratenim
576 442 738 509 scenicus:
764 442 840 527 qnid
860 440 979 507 laceret
998 441 1104 507 aliud?
1133 444 1185 507 87.
1210 442 1251 504 ht
1271 444 1440 507 Numerius
1463 445 1523 509 Fu·

189 544 272 617 rins,
299 548 405 606 noster
424 536 604 614 familiaris,
634 558 706 603 cnm
728 544 776 601 est
798 538 1015 610 commodum,
1043 543 1158 602 cantat.
1203 539 1259 601 Est
1280 535 1365 601 euim
1386 535 1523 623 pateria-

191 635 311 712 milias,
336 643 384 699 est
401 653 497 720 eques
517 637 695 710 Romanus;
725 651 806 714 puer
826 628 951 705 didicit,
974 635 1059 718 qnod
1082 628 1266 696 discendum
1289 630 1359 696 fuit.
1402 630 1523 698 Eadem

169 732 272 797 cretio
294 738 342 794 est
364 725 474 792 harum
497 729 611 792 artium
633 725 853 792 maximarum.
898 724 972 791 Dies
997 732 1030 790 et
1051 731 1160 790 noctes
1185 723 1288 790 virum
1310 745 1434 792 summa
1458 727 1523 791 vir·

190 831 256 889 tute
278 830 310 888 ct
330 823 497 906 prudentia
518 823 720 898 videbamus,
755 819 944 906 philosopho
969 840 1040 883 cum
1062 838 1191 905 operam
1213 821 1316 895 daret,
1352 821 1390 898 Q.
1418 818 1523 888 Tube-

190 938 313 985 ronem.
356 919 398 980 ht
419 918 488 980 eius
510 915 698 980 avunculum
719 917 772 980 vix
793 913 983 998 intelligeres
1004 913 1037 978 id
1059 933 1167 998 agere,
1190 933 1261 977 cum
1283 923 1390 1000 ageret
1405 923 1521 992 umen,

189 1011 385 1078 Africanum.
430 1013 493 1076 Ista
523 1012 683 1075 discuntur
714 1007 822 1085 lacile,
858 1007 886 1073 si
908 1015 939 1072 et
966 1015 1084 1073 tantum
1107 1027 1231 1083 sumas,
1266 1016 1418 1093 quantum
1440 1032 1522 1094 opus

191 1109 247 1184 sit,
278 1115 310 1172 et
334 1108 471 1182 habeas,
502 1106 556 1189 qni
582 1108 696 1169 docere
719 1100 856 1168 fideliter
879 1099 996 1189 possit,
1028 1109 1060 1167 ct
1077 1103 1158 1166 scias
1181 1099 1274 1167 etiam
1297 1101 1365 1187 ipse
1385 1106 1518 1171 discere.

153 1222 182 1261 so
191 1207 243 1269 88.
273 1202 334 1265 Sed
361 1202 387 1263 si
414 1208 479 1265 tota
504 1199 570 1265 rita
598 1197 677 1263 nihil
707 1199 785 1263 velis
813 1195 898 1261 alind
926 1215 1034 1280 agere,
1069 1198 1137 1283 ipsa
1160 1197 1303 1262 tractatio
1323 1206 1355 1262 et
1378 1197 1520 1284 quaestio

192 1295 333 1382 quotidie
356 1316 397 1359 ex
418 1314 453 1359 se
475 1292 575 1380 gignit
597 1291 731 1378 aliquid,
761 1292 847 1377 quod
869 1310 939 1356 cum
961 1289 1122 1357 desidiosa
1143 1291 1351 1356 delectatione
1372 1294 1518 1378 vestiges.

191 1394 239 1455 Ita
259 1388 310 1463 fit,
341 1396 377 1453 nt
398 1387 527 1473 agitatio
549 1407 659 1452 rerum
680 1387 721 1450 sit
740 1383 874 1458 infinita,
896 1383 1034 1469 cognitio
1055 1383 1171 1459 facilis,
1201 1388 1228 1450 si
1250 1406 1325 1452 usus
1346 1383 1520 1454 doctrinam

191 1482 370 1560 confirmet,
404 1481 573 1548 mediocris
593 1501 691 1567 opera
712 1477 884 1556 tribuatur,
919 1481 1073 1545 memoria
1100 1480 1300 1565 studiumque
1321 1491 1516 1564 permaneat.

191 1576 283 1644 Libet
311 1585 415 1643 antem
443 1597 568 1660 semper
595 1578 732 1653 discere;
769 1581 806 1640 nt
832 1573 860 1639 si
887 1575 981 1638 velim
1012 1594 1071 1658 ego
1101 1573 1171 1638 talis
1194 1576 1313 1657 optime
1335 1573 1444 1641 ludere
1465 1584 1520 1642 aut

153 1673 274 1759 rspilae
297 1670 400 1737 studio
422 1679 545 1747 terrem,
569 1669 665 1736 etiam
685 1671 836 1744 fortasse,
859 1667 887 1733 si
908 1669 1033 1754 assequi
1055 1688 1119 1733 non
1140 1669 1278 1750 possim;
1301 1675 1334 1734 at
1350 1668 1421 1746 alii,
1444 1673 1519 1757 qnia

190 1765 351 1852 praeclare
373 1764 511 1840 iaciunt,
545 1764 782 1838 vehementius,
817 1784 909 1849 qnam
933 1782 1024 1828 causa
1045 1759 1202 1844 postulat,
1238 1760 1450 1840 delectantur,
1486 1774 1521 1831 ut

191 1859 291 1926 Titius
313 1863 397 1943 pila,
419 1856 526 1924 Brulla
546 1857 627 1923 talis.
671 1859 724 1922 89.
749 1858 854 1934 Quare
877 1855 953 1922 nihil
976 1865 1040 1933 est,
1072 1858 1158 1942 qnod
1180 1858 1345 1943 quisquam
1368 1858 1522 1944 magnitu-

191 1954 297 2019 dinem
311 1956 426 2018 artium
441 1972 482 2017 ex
496 1973 555 2028 co,
579 1949 665 2038 quod
679 1971 772 2016 senes
785 1953 922 2026 discunt,
943 1953 1154 2037 pertimescat.
1199 1953 1341 2037 Namque
1356 1958 1411 2017 ant
1425 1974 1519 2019 senes

191 2046 232 2112 ad
261 2069 315 2113 eas
346 2054 547 2113 accesserunt
574 2054 628 2111 aul
654 2065 754 2131 usqne
782 2042 823 2109 ad
850 2053 1043 2111 senectutem
1073 2049 1104 2109 in
1132 2047 1242 2110 studiis
1264 2044 1446 2111 detinentur
1467 2056 1522 2112 ant

153 2149 264 2206 rosunt
284 2143 465 2207 tardissimi.
510 2142 572 2205 Res
595 2137 723 2226 quidem
745 2158 871 2204 semea
893 2138 1048 2205 sententia
1069 2138 1115 2204 sic
1136 2140 1247 2212 habet,
1274 2147 1324 2219 ut,
1353 2141 1413 2204 uisi
1435 2142 1521 2227 quod

191 2237 324 2324 quisque
349 2235 413 2300 cito
433 2235 592 2320 potnerit,
626 2253 786 2316 nunquam
815 2231 943 2300 omnino
966 2235 1066 2322 possit
1087 2234 1279 2322 perdiscere.
1323 2238 1440 2302 XXIV.
1465 2239 1518 2302 99.

190 2334 274 2407 lam,
297 2332 377 2405 iam,
401 2328 503 2413 inquit
516 2325 661 2403 Catnlus‚
685 2325 845 2412 intelligo,
867 2330 993 2406 Crasse,
1010 2328 1085 2417 quid
1103 2328 1205 2407 dicas;
1228 2337 1259 2395 et
1273 2327 1401 2396 hercule
1415 2351 1521 2396 assen-

190 2427 264 2490 tior.
306 2425 388 2490 Satis
409 2421 503 2488 video
526 2421 603 2498 tibi,
627 2419 749 2486 homini
771 2419 811 2485 ad
824 2423 1069 2507 perdiscendum
1083 2426 1256 2503 acerrimo,
1279 2428 1320 2490 ad
1341 2445 1379 2490 ea
1401 2445 1520 2511 cogno·

192 2518 324 2594 sccnda,
359 2537 440 2605 quae
469 2514 564 2591 dicis,
598 2514 696 2581 luisse
725 2519 887 2602 temporis.
932 2518 1098 2603 Pergisne,
1136 2519 1237 2605 inquit
1264 2520 1412 2596 Crassus,
1448 2542 1517 2596 me,

153 2634 272 2696 acquae
295 2615 412 2688 dicam,
437 2614 477 2676 de
499 2632 568 2688 mc,
591 2632 656 2676 non
678 2609 717 2676 dc
738 2633 773 2677 re
795 2622 906 2695 putare
929 2611 1053 2678 diceret
1091 2613 1255 2692 sedium,
1284 2614 1311 2681 si
1333 2618 1455 2700 placet,
1479 2614 1519 2681 ad

191 2705 331 2772 instituta
353 2710 529 2772 redeamus.
571 2707 650 2772 Mihi
671 2725 768 2783 vero,
791 2706 917 2772 Catulus
939 2708 1057 2793 inquit,
1082 2709 1193 2792 placet.

276 2804 328 2865 91.
360 2806 439 2866 Tum
462 2801 610 2877 Crassus,
633 2802 792 2878 Quorsum
814 2803 909 2885 igitur
929 2801 1007 2867 haec
1029 2812 1168 2887 spectat,
1192 2803 1314 2890 inquil,
1338 2813 1400 2869 tam
1423 2807 1519 2888 longa

191 2904 223 2961 ct
244 2904 308 2961 mm
338 2898 400 2961 alte
429 2896 562 2981 repetita
592 2899 719 2960 oratio?
755 2899 823 2961 Hae
855 2898 936 2960 duae
964 2905 1087 2980 partes,
1122 2902 1305 2983 quaemihi
1337 2909 1515 2984 supersunt,

190 2990 396 3055 illustrandae
419 2992 572 3057 orationis
600 3010 637 3054 ac
665 2991 764 3054 totins
786 2989 988 3077 eloquentiae
1010 2992 1236 3068 cumulandae,
1266 3014 1399 3077 quarum
1422 2995 1519 3057 altera

153 3084 255 3149 ecdici
277 3088 416 3168 postulat
437 3092 567 3161 ornate,
591 3084 690 3149 altera
711 3091 802 3169 apte,
824 3088 905 3149 hanc
927 3088 1044 3151 habent
1064 3086 1146 3163 vim,
1170 3095 1208 3151 nt
1220 3088 1261 3151 sit
1274 3109 1367 3174 qnam
1384 3090 1517 3152 maxime

190 3179 346 3255 iucunda,
371 3202 464 3266 quam
486 3178 623 3245 maxime
645 3177 678 3242 in
700 3199 810 3244 sensus
833 3200 962 3254 eorum,
985 3180 1039 3265 qui
1060 3180 1210 3257 audiunt,
1234 3185 1345 3246 induat
1367 3189 1399 3246 et
1424 3203 1517 3267 quam
1550 3196 1554 3204 “

190 3272 334 3357 plurimis
366 3277 406 3338 sit
439 3277 535 3339 rebus
567 3275 733 3337 instructa.
779 3276 831 3338 99.
865 3276 1109 3340 lustramentum
1143 3285 1250 3340 autem
1279 3277 1341 3341 hoc
1372 3275 1515 3353 forense,

190 3363 381 3450 litigiosum,
413 3390 506 3445 acre,
535 3375 672 3433 tractum
701 3388 742 3432 ex
763 3367 849 3452 vulgi
872 3369 1073 3454 opinionibus
1096 3372 1246 3453 exignum
1270 3391 1409 3456 saneque
1432 3391 1518 3437 men·

191 3459 295 3525 dicum
317 3469 374 3527 est.
429 3464 509 3529 lllnd
530 3483 641 3528 rursus
662 3464 784 3548 ipsum,
820 3466 905 3549 quod
929 3463 1056 3530 tradunt
1078 3467 1149 3540 isti,
1184 3468 1239 3550 qni
1272 3464 1461 3549 profitentur
1483 3488 1517 3530 se

153 3574 182 3617 ss
192 3555 316 3621 dicendi
336 3558 519 3641 magistros,
545 3577 609 3622 non
630 3559 766 3620 multum
788 3567 837 3623 est
857 3560 958 3622 maius
973 3579 1066 3645 quam
1082 3561 1161 3624 illud
1175 3560 1305 3644 vulgare
1318 3581 1355 3624 ac
1376 3561 1514 3624 forense.

190 3653 351 3736 Apparatu
374 3654 465 3716 nobis
486 3672 567 3734 opus
583 3660 633 3717 cst
648 3659 679 3717 et
693 3649 789 3716 rebus
804 3655 986 3738 exquisitis,
1011 3652 1151 3739 nudique
1167 3654 1323 3727 collectis,
1346 3655 1515 3728 arcessitis,

191 3748 412 3831 comportatis,
437 3749 570 3821 ullibi,
596 3747 727 3818 Caesar,
751 3747 928 3812 faciendum
950 3754 998 3811 est
1020 3750 1059 3812 ad
1081 3769 1215 3826 annum;
1238 3757 1276 3814 ut
1296 3769 1354 3833 ego
1377 3751 1409 3813 io
1432 3748 1519 3812 acdi-

190 3843 280 3906 litate
296 3838 454 3914 laboravi,
478 3843 564 3925 quod
587 3841 778 3925 quotidianis
801 3847 833 3905 et
853 3841 1029 3907 vernaculis
1050 3841 1146 3909 rebus
1162 3845 1342 3908 satisfacere
1358 3863 1409 3906 me
1423 3862 1518 3929 posse

189 3937 266 4000 huic
286 3937 406 4018 populo
429 3954 493 4000 non
514 3932 676 4020 putabam.
722 3938 774 3999 93.
805 3937 983 4001 Verborum
1013 3937 1230 4020 eligendorum
1257 3948 1288 4004 et
1318 3936 1519 4002 collocando-

153 4044 261 4096 ttrnm
283 4037 316 4095 et
337 4027 625 4094 concludendorum
654 4028 753 4095 facilis
783 4037 832 4094 est
853 4032 904 4094 vel
925 4029 1005 4095 ratio
1028 4030 1078 4096 vel
1101 4033 1167 4096 sine
1190 4034 1313 4097 ratione
1335 4034 1404 4116 ipsa
1425 4052 1518 4098 exer·

259 4288 286 4337 8.
306 4287 359 4350 suit
380 4301 432 4338 om.
452 4287 483 4337 Β.
506 4315 534 4326 -
568 4289 596 4342 5.
614 4293 702 4339 noctes
720 4288 837 4352 quotidie
855 4288 923 4337 cuim
940 4288 1027 4337 uirum
1045 4288 1101 4338 ΒΒ.
1130 4313 1162 4325 -
1189 4289 1232 4339 11.
1254 4290 1338 4354 qiqcit
1357 4290 1378 4338 B
1397 4290 1516 4352 allique.

190 4358 232 4408 a:
253 4360 346 4424 qtqoct
366 4360 512 4410 Ernestlus.
535 4385 565 4395 —
600 4361 739 4424 investiges
758 4374 789 4411 er
807 4358 871 4423 Lag.
892 4361 1010 4422 quinque
1029 4359 1206 4411 deterioribus
1224 4360 1256 4410 Τ.
1286 4384 1317 4395 -
1348 4361 1390 4409 19.
1415 4361 1460 4424 fit,
1488 4365 1518 4408 ut

190 4431 304 4491 operario
324 4441 414 4479 rarum
431 4432 465 4478 cit
482 4430 608 4494 infinito,
628 4433 747 4494 coqottc'o
766 4429 870 4492 facilis,
896 4432 919 4479 ct
937 4443 1000 4478 ccccc
1019 4430 1168 4483 blttllerus:
1193 4432 1223 4496 fit
1240 4433 1269 4479 1η
1288 4428 1336 4493 (Βε
1356 4437 1385 4479 ct
1405 4429 1437 4490 Β)
1460 4432 1518 4493 opi·

190 4502 290 4550 tatione
315 4513 404 4550 rerum
427 4502 462 4550 tit
487 4501 593 4564 infinito
617 4503 750 4566 cognitio,
779 4499 869 4561 facilis
891 4514 953 4550 usur
971 4500 1027 4551 RE.
1063 4499 1117 4566 (fit,
1146 4506 1176 4550 ut
1199 4503 1347 4564 oqttctioos
1370 4514 1459 4550 rerum
1483 4502 1518 4551 cit

138 4613 147 4628 ,
189 4571 295 4635 infinito
314 4573 448 4635 copulato,
469 4569 574 4632 facilis,
593 4573 617 4620 cr·
634 4585 695 4621 usuc
714 4571 875 4625 Sebinnus.)
897 4597 926 4608 -
947 4573 989 4622 15.
1009 4569 1100 4634 etiam]
1119 4579 1144 4622 ct
1162 4573 1193 4621 Β.
1215 4598 1245 4608 -
1265 4569 1304 4634 nt]
1326 4578 1355 4621 ut
1367 4572 1399 4621 Β.
1418 4597 1452 4606 -
1472 4572 1516 4621 17.

188 4641 371 4702 mcqnirudtne
389 4642 420 4691 Β.
443 4667 471 4678 -
494 4641 537 4691 18.
557 4647 587 4691 ut
605 4654 676 4692 senes
693 4642 725 4692 Β.
746 4667 777 4677 -
796 4643 840 4691 2⁰.
860 4654 886 4691 tc
903 4643 940 4692 sic
957 4655 1015 4694 men
1032 4645 1160 4694 sententio
1177 4643 1210 4691 ll.
1232 4667 1262 4677 -
1287 4641 1330 4693 30.
1351 4643 1405 4691 dici
1423 4649 1517 4692 omcts

185 4711 307 4773 postulat
334 4711 374 4769 B,
404 4717 496 4761 ornate
515 4712 569 4761 dict
584 4713 704 4773 postulet
723 4712 755 4762 It.
784 4735 818 4747 -
847 4710 891 4761 31.
912 4713 1027 4763 audiant
1045 4715 1075 4763 Β.
1101 4738 1131 4748 -
1159 4711 1202 4763 33.
1223 4725 1337 4775 saneque
1357 4713 1376 4762 Β
1395 4712 1516 4776 alliquer

188 4794 253 4830 roos
271 4790 350 4845 atquo
368 4782 422 4832 ΒΕ.
442 4806 476 4818 -
503 4781 547 4832 35.
566 4783 649 4831 mutto
668 4783 805 4834 Manutius
824 4788 850 4833 et
870 4782 1021 4836 Lambinus.
1042 4808 1076 4819 -
1102 4782 1146 4835 38.
1166 4784 1278 4834 collectis
1297 4783 1318 4833 Β
1336 4783 1456 4845 allique,
1476 4785 1516 4834 n:

190 4859 215 4903 ct
233 4852 348 4903 collectis
367 4853 399 4902 Β.
418 4877 453 4888 -
469 4854 602 4906 nccomu
620 4866 635 4904 c
654 4853 737 4906 Codd.
757 4853 818 4916 altq·
838 4851 871 4905 T.
