3232 5392
495 231 549 300 hi>
570 235 611 303 ii
632 234 793 301 BRUTUM
815 235 849 302 C.
875 237 926 305 11.
949 236 1000 301 ia.
1025 233 1077 300 it.
1382 223 1445 300 tii

126 396 311 468 Theodorus
332 403 436 464 eutem
456 394 664 484 praefractior
684 415 743 460 uec
764 394 850 472 eatis,
871 404 907 461 nt
927 398 971 461 ita
993 394 1103 471 dicam,
1125 392 1303 472 rotundus,
1324 397 1448 482 primus

126 493 261 560 instituit
288 492 419 558 dilatare
446 493 552 575 verbis
580 500 612 556 et
638 487 836 555 mollioribus
863 493 1003 556 numeris
1030 491 1157 578 explere
1185 491 1366 556 sententias.
1410 492 1448 555 In

127 607 192 674 quo
214 608 285 652 cum
308 588 436 653 doceret
456 606 529 660 eos,
552 587 607 671 qui
628 585 796 670 partimin
817 581 967 661 diceudo,
988 585 1102 669 partim
1124 588 1157 650 in
1179 582 1347 650 scribendo
1361 585 1449 668 priu-

127 682 213 769 cipcs
234 683 436 758 exstiterunt,
460 679 571 747 domus
592 681 661 744 eius
685 676 811 744 officina
826 677 929 744 habita
944 678 1142 767 eloquentiae
1163 688 1220 748 esi.
1262 679 1313 744 tt.
1335 680 1445 762 ltaque

126 787 162 842 ut
183 795 261 861 ego,
297 796 368 842 cum
396 796 415 842 a
441 783 550 842 nosue
580 775 698 839 Catone
727 771 891 847 laudabar,
928 774 978 839 vel
1007 776 1196 859 reprehendi
1222 793 1272 838 me
1294 791 1312 837 e
1335 773 1468 836 ceterise

126 869 218 937 facile
239 869 400 957 patiebar,
430 874 474 936 sie
494 873 649 936 Isocrates
669 865 795 933 videtur
815 866 995 934 testimonio
1018 868 1154 935 Platonis
1176 868 1312 934 aliorum
1333 866 1449 932 iudicia

128 968 246 1033 debere
268 974 481 1032 contemnere.
525 968 582 1030 Est
603 965 704 1040 enim,
728 973 764 1029 nt
776 963 857 1038 scie,
881 963 970 1048 quasi
983 963 1017 1029 in
1031 959 1169 1029 extrema
1184 962 1299 1050 pagina
1314 958 1450 1026 Phaedri

127 1063 177 1128 bis
197 1059 275 1144 ipsis
296 1058 402 1125 verbis
422 1059 555 1147 loquens
582 1061 746 1124 Socrates:
788 1055 996 1123 «Adolescens
1023 1058 1214 1130 etiamnunc,
1252 1079 1271 1123 1
1293 1055 1448 1131 Phaedre,

129 1158 284 1221 Isocrates
305 1161 374 1231 este
412 1152 468 1218 sed
489 1155 565 1241 quid
586 1155 626 1218 de
647 1152 701 1218 illo
724 1172 877 1236 augurer,
911 1151 998 1217 lubet
1025 1153 1141 1218 dicere.
1187 1151 1269 1231 Quid
1299 1149 1449 1216 tandem?

127 1246 307 1336 inquitille.
350 1249 469 1312 Maiore
490 1247 567 1312 mihi
589 1247 717 1331 ingenio
737 1246 861 1312 videtur
882 1267 968 1322 esse,
992 1267 1085 1333 quam
1107 1256 1143 1312 ut
1163 1267 1234 1314 cum
1250 1245 1489 1313 orationiboett

127 1345 239 1428 Lysiae
260 1351 472 1426 comparetur.
516 1343 686 1407 Praeterea
706 1340 747 1406 ad
775 1343 924 1408 virtutem
956 1343 1058 1406 maior
1085 1341 1224 1417 indoles,
1256 1349 1292 1406 nt
1322 1339 1450 1405 minime

129 1438 244 1503 mirum
266 1437 407 1501 futurum
430 1435 488 1513 sii,
523 1437 564 1509 si,
598 1455 668 1505 cum
695 1443 795 1500 aetate
822 1434 1028 1519 processerit,
1061 1446 1116 1501 aut
1134 1438 1167 1501 in
1188 1439 1250 1501 hoc
1270 1437 1451 1501 orationum

130 1551 264 1616 genere,
297 1530 348 1595 cui
377 1551 460 1595 nunc
489 1528 609 1604 studet,
642 1538 780 1604 tantum,
816 1538 966 1616 quantum
996 1530 1119 1615 pueris,
1151 1530 1283 1617 reliquis
1313 1535 1451 1615 praestet
1549 1575 1566 1605 .

129 1622 289 1699 omnibus,
325 1623 380 1711 qui
407 1644 543 1709 unquam
573 1623 730 1690 orationes
752 1624 940 1707 attigerunt;
976 1631 1045 1698 aut,
1082 1625 1109 1688 si
1131 1631 1296 1689 contentus
1317 1622 1365 1688 his
1386 1641 1451 1687 nou

128 1717 240 1793 fuerit,
262 1717 368 1785 divino
390 1717 494 1803 aliquo
517 1717 612 1783 animi
633 1724 720 1783 motu
741 1716 860 1782 maiora
882 1718 1094 1802 concupiscat.
1140 1719 1225 1782 inest
1240 1720 1323 1783 enim
1338 1720 1488 1784 naturast

128 1811 329 1899 philosophia
360 1814 392 1877 in
423 1810 517 1879 huius
550 1811 610 1877 viri
641 1818 746 1877 mente
775 1809 961 1898 quaedam.»
1005 1814 1059 1876 11.
1083 1812 1170 1875 Haec
1191 1813 1231 1876 de
1253 1810 1451 1877 adolescente

130 1910 277 1974 Socrates
297 1914 477 1991 auguratur.
518 1909 559 1972 iit
590 1925 626 1971 ea
656 1904 696 1972 de
724 1908 850 1972 seniore
876 1904 986 1972 scribit
1007 1906 1095 1971 Plato
1117 1915 1150 1971 et
1171 1909 1280 1972 scribit
1299 1904 1451 1991 aequalis,

130 2003 302 2088 etquidem
325 2003 499 2086 exagitator
521 2000 662 2066 omnium
683 2002 845 2066 rhetorum
866 2004 950 2066 hune
970 1994 1223 2066 miraturnnum.
1268 2005 1318 2066 Me
1333 2007 1449 2076 eutem,

130 2098 184 2183 qui
205 2097 376 2161 Isocratem
398 2115 463 2160 non
494 2094 646 2179 diligunt,
681 2115 744 2161 uua
775 2116 846 2161 cum
877 2097 1007 2161 Socrate
1034 2085 1067 2160 el
1096 2116 1166 2159 cum
1188 2097 1318 2160 Platone
1345 2113 1452 2159 errare

129 2189 297 2277 patientur.
339 2191 438 2253 Dulce
460 2190 556 2274 igitur
577 2187 729 2255 orationis
750 2209 850 2274 penus
872 2200 904 2255 et
918 2189 1055 2255 solutum
1070 2198 1101 2255 et
1116 2189 1267 2265 esilnens,
1290 2186 1489 2254 senteutiieee

130 2292 292 2369 argutum,
327 2285 433 2349 verbis
463 2302 577 2367 sonans
606 2284 713 2348 estin
739 2283 795 2349 illo
825 2288 1028 2366 ἐπιδεικτικῷ
1054 2305 1170 2369 genere
1193 2282 1278 2371 quod
1301 2284 1451 2358 diximus,

130 2380 294 2464 proprium
316 2377 546 2461 sophistarum,
580 2396 715 2462 pompae
737 2398 830 2462 quam
850 2397 975 2464 pugnae
1002 2379 1122 2464 aptius,
1157 2378 1325 2465 gymnasiis
1347 2385 1378 2442 et
1399 2395 1454 2462 pa·

130 2473 264 2539 laesirae
295 2471 445 2547 dicatum,
482 2477 621 2556 spretum
653 2479 686 2536 et
711 2471 836 2557 pulsum
862 2469 944 2541 foro.
993 2475 1056 2539 Sed
1085 2475 1170 2561 quod
1199 2474 1330 2538 educata
1359 2473 1453 2538 buius

130 2569 327 2634 nutrimentis
355 2565 535 2653 eloquentia
568 2565 636 2652 ipsa
662 2587 697 2630 ee
718 2574 829 2649 postea
850 2564 970 2632 colorat
991 2575 1024 2631 et
1045 2570 1190 2639 roborat,
1228 2586 1292 2631 non
1313 2565 1450 2632 alienum

130 2660 190 2727 luit
210 2658 250 2726 de
272 2663 407 2726 oratoris
428 2659 517 2747 quasi
539 2658 734 2726 incunabulis
766 2659 883 2726 dicere.
927 2663 1046 2726 Verum
1076 2665 1154 2726 haec
1181 2660 1327 2727 ludorum
1356 2669 1491 2749 1111111

130 2775 283 2839 pompae;
305 2776 363 2820 nos
384 2764 489 2820 autem
511 2758 573 2820 iam
594 2756 627 2818 in
648 2755 749 2818 aciem
770 2754 1069 2842 dimicationemque
1090 2755 1264 2821 veniamus.

213 2851 298 2914 xiv.
333 2853 384 2916 13.
419 2849 575 2928 Quoniam
606 2849 665 2913 tria
693 2850 828 2913 videnda
854 2856 927 2913 suut
955 2852 1092 2927 oratori,
1127 2851 1202 2937 quid
1231 2852 1315 2917 dieat
1335 2857 1367 2915 ei
1387 2867 1453 2936 quo

131 2943 269 3032 quidque
289 2944 359 3010 loco
382 2951 415 3008 et
436 2964 501 3031 quo
522 2946 633 3020 modo,
657 2945 825 3009 dicendum
847 2945 975 3008 omnino
997 2953 1064 3021 est,
1088 2943 1163 3029 quid
1186 2943 1226 3008 sit
1246 2944 1398 3029 optimum
1419 2944 1454 3008 io

130 3038 283 3123 singulis,
321 3041 376 3104 sed
407 3038 566 3125 aliquanto
595 3059 686 3104 secus
707 3047 800 3125 atque
821 3036 853 3103 in
875 3041 1027 3104 tradenda
1048 3049 1117 3104 arte
1139 3039 1202 3104 dici
1223 3038 1316 3105 solet.
1361 3035 1454 3103 Nulla

131 3143 299 3221 praecepta
308 3152 461 3221 ponemus
472 3167 513 3181 -
522 3153 625 3219 neque
638 3134 722 3197 enim
734 3132 765 3197 id
777 3135 972 3219 suscepimus
983 3169 1035 3210 -,
1046 3136 1102 3199 sed
1112 3132 1292 3199 excellentie
1304 3131 1454 3220 eloquen-
1462 3155 1491 3198 ee

131 3228 194 3294 tiae
216 3229 352 3314 speciem
374 3233 406 3290 et
426 3225 562 3291 sormam
581 3225 860 3304 adumbrahimus;
891 3250 965 3302 nec,
999 3228 1114 3316 quibus
1136 3232 1232 3294 rebus
1253 3234 1450 3314 caperetur,

132 3342 344 3409 exponemus,
366 3319 421 3386 sed
444 3318 543 3407 qualis
564 3321 657 3387 nohis
679 3340 748 3387 esse
768 3319 924 3387 rideatur.
970 3324 1022 3387 tt.
1046 3329 1090 3388 Ac
1104 3325 1169 3388 duo
1184 3321 1453 3407 breviterprima3

132 3425 205 3481 sunt
234 3418 317 3482 enim
346 3435 410 3480 non
442 3423 505 3480 tam
533 3414 667 3499 insignia
694 3418 734 3481 ad
763 3417 932 3483 maximam
960 3415 1084 3484 laudem
1106 3437 1200 3505 qoam
1222 3415 1401 3482 necessarie
1422 3421 1455 3482 ei

133 3519 237 3576 umen
259 3530 330 3575 cum
353 3507 458 3573 multis
480 3530 580 3592 paene
602 3512 788 3576 communia.

215 3606 294 3668 Nam
316 3613 349 3668 et
368 3603 509 3669 invenire
536 3611 569 3668 ct
596 3602 752 3681 iudicare,
787 3604 865 3691 quid
885 3608 986 3682 dicas,
1020 3627 1133 3689 magua
1159 3608 1212 3671 illa
1233 3607 1360 3693 quidem
1382 3613 1491 3673 euntes

131 3706 164 3764 et
191 3706 349 3784 tamquam
375 3697 470 3763 animi
500 3701 600 3763 instar
627 3701 661 3762 in
693 3720 851 3783 corpore,
889 3705 944 3767 sed
972 3703 1103 3785 propria
1132 3700 1233 3785 magis
1268 3704 1453 3789 prudentiae

202 3921 229 3970 1.
250 3915 410 3982 Theodorus]
434 3917 594 3983 Thucydides
611 3917 670 3969 iibri
696 3925 723 3969 et
739 3919 773 3970 li.
798 3919 917 3972 Correxit
935 3920 1092 3976 Emeritos:
1119 3921 1297 3974 memorabilis
1316 3928 1354 3971 est
1374 3921 1453 3973 tectio

133 3992 286 4042 Theodectes
315 3989 386 4051 apud
412 3989 527 4041 Nonium
556 4001 582 4051 p.
610 3989 656 4041 10.
682 3989 741 4047 11..
773 3992 819 4041 111
850 3992 931 4045 iaiaa.
962 3995 1024 4056 quia
1054 3992 1097 4042 bie
1121 3993 1171 4044 tuit
1199 3993 1321 4046 isocratis
1345 3992 1453 4042 auditor

132 4061 172 4127 (5.
194 4063 288 4121 tia),
307 4075 360 4112 non
379 4073 411 4110 ce
430 4063 575 4124 antiquior.
595 4059 646 4111 Oa.
666 4086 699 4098 -
718 4060 762 4111 it·
782 4068 903 4113 oratores
920 4062 954 4113 it.
983 4087 1013 4100 -
1042 4062 1086 4114 11.
1107 4063 1140 4113 de
1157 4065 1318 4115 edobecente
1336 4063 1453 4116 lacerate

131 4135 252 4184 Somotee
269 4144 298 4182 er
319 4133 396 4196 picae.
417 4132 470 4181 via.
490 4131 581 4182 hamb.
602 4131 669 4192 (non
689 4131 781 4193 ilina,
800 4133 852 4183 uu.
872 4133 898 4183 1.
918 4130 1004 4195 111.)
1023 4158 1056 4173 -
1076 4133 1119 4184 19.
1139 4141 1164 4184 et
1182 4134 1291 4185 Plutone
1310 4146 1348 4196 pr.
1365 4133 1451 4194 ilina..

131 4201 756 4266 1111111111.11111Τιιιι.11.ρ.1“10.,
784 4205 831 4255 ted
859 4209 900 4263 eet
917 4203 1040 4255 debilius.
1063 4228 1093 4241 -
1125 4205 1169 4254 10.
1188 4205 1301 4272 aspicem
1320 4217 1379 4255 curu
1400 4204 1452 4255 (iu.

131 4276 158 4324 1.
179 4274 293 4325 Goeller.
331 4271 412 4335 (Saue
430 4270 459 4335 5.
479 4272 524 4322 te.
543 4284 623 4321 esoce
649 4277 674 4322 et
691 4272 821 4340 aspicem,-
851 4281 941 4325 contra
962 4272 991 4337 5.
1011 4274 1054 4324 11.
1075 4279 1163 4325 tracto
1181 4275 1312 4339 quaedam
1329 4282 1354 4326 et
1371 4274 1453 4341 paene

131 4346 238 4403 oratio,
269 4345 358 4395 uthic
376 4357 485 4408 quoque
504 4343 614 4395 iortaaee
633 4345 782 4408 legendum.
804 4342 867 4406 Oa.)
886 4369 917 4381 -
947 4344 1206 4415 11.1ιιι11ικιικῴι
1238 4347 1374 4410 epidictico
1394 4346 1452 4397 iibri

131 4423 159 4466 et
176 4416 244 4465 iidd.
266 4422 370 4476 praeter
394 4413 555 4467 (lucilerum.
581 4414 620 4474 (ιίι
643 4415 690 4464 iilo
717 4428 809 4479 penere
831 4413 1026 4467 ἐπιδεικτικὸν
1052 4416 1125 4480 quod
1141 4417 1256 4468 dicimos
1274 4422 1300 4466 et
1314 4418 1454 4480 preprium

132 4486 265 4538 beutscbil
290 4487 407 4550 euspicio
437 4498 528 4548 parurn
548 4481 712 4546 probabilia.)
731 4484 783 4537 Oa·
813 4508 844 4522 ·-
874 4485 918 4535 et.
944 4487 1106 4536 nutrimento
1123 4486 1195 4537 Eine.
1217 4513 1249 4525 -
1264 4494 1357 4549 posteo
1374 4501 1399 4539 ee
1418 4488 1452 4539 ii.

132 4552 1378 4618 -1111111111.1.1.,1,111111111.-111111111111111111,1,1.ιι11ι.ε
1411 4559 1454 4610 de·

129 4626 288 4680 accedamus
306 4626 373 4677 ven.
394 4639 435 4689 pr.
457 4627 488 4676 ii.
520 4623 636 4689 (seilicet
653 4626 687 4677 ab
706 4625 858 4679 Editorthua
876 4628 943 4678 veo.
963 4639 1002 4689 pr.
1023 4639 1077 4677 aec.
1096 4627 1263 4691 eiiaromque
1283 4636 1341 4690 poet
1358 4629 1454 4681 itoma-

131 4712 191 4751 nam
221 4697 286 4746 aiios
304 4698 409 4747 codices
436 4700 464 4748 iu
491 4698 586 4748 teiibue
609 4709 624 4748 a
650 4700 745 4748 uostris
768 4699 884 4750 diversos
913 4711 971 4749 ease
998 4696 1149 4758 consultos,
1182 4702 1291 4750 minime
1318 4699 1453 4760 probabile

132 4775 186 4826 eet,
217 4768 263 4819 aed
283 4771 309 4818 io
329 4768 426 4829 quibua
445 4769 495 4819 bae
513 4766 664 4820 notabiliter
688 4767 838 4833 discrepant
862 4768 896 4820 ab
921 4769 987 4825 iiiie.
1018 4771 1187 4821 coniecturae
1214 4777 1294 4834 atque
1313 4770 1454 4833 interpola·

131 4846 218 4892 ttones
235 4844 297 4890 eunt
315 4840 521 4898 existimandae:
552 4842 628 4889 aicuti
648 4839 675 4890 h.
696 4838 714 4890 Ι.
732 4840 924 4895 descendisses
941 4839 1086 4909 elegantius
1109 4854 1190 4913 qoam
1209 4842 1452 4899 11111111111111

132 4914 175 4964 cul
192 4913 277 4966 risum
296 4908 357 4977 eet.)
374 4935 410 4948 -
426 4910 472 4963 iii.
491 4911 634 4964 trectcudc
650 4909 724 4964 illue.
