3232 5392
187 173 248 246 tto
766 179 927 248 ottobon

185 339 308 426 quitur,
341 357 412 407 cum
434 359 529 407 versu
550 341 591 406 sit
611 338 799 407 adstrictior.
846 345 899 408 68.
932 345 1000 428 Ego
1022 348 1145 421 autem,
1169 343 1289 410 etiamsi
1311 345 1512 431 quomndam

185 437 314 519 mandis
336 444 367 502 et
389 443 499 502 omata
519 455 582 502 vox
604 443 653 501 cst
673 443 852 520 poetarum,
886 445 992 502 tamen
1021 438 1053 502 in
1075 457 1114 502 ea
1134 456 1206 502 oum
1228 437 1384 506 licentiam
1406 446 1510 504 statuo

184 527 335 594 maiorem
366 550 434 596 esse
465 550 558 615 quam
585 529 618 595 in
646 532 738 597 nobis
763 527 980 597 laciendomm
1001 531 1296 621 iungendorumque
1317 531 1509 608 verborum,

183 630 249 688 tum
271 622 364 689 ctiam
387 623 606 691 nonnullorum
628 623 782 703 uoluntati
809 624 939 691 vocibus
965 627 1067 711 magis
1087 647 1182 713 quam
1203 625 1299 693 rebus
1319 627 1509 692 inserviunt.

160 721 248 784 olleo
270 738 364 796 vero,
395 721 422 785 si
452 718 527 804 quid
550 727 598 785 est
619 741 716 785 unum
737 721 821 786 inter
842 741 897 786 eos
919 721 1082 788 simile-
1105 724 1139 786 id
1159 728 1264 787 autem
1287 730 1336 787 est
1356 720 1511 786 iudicium

183 811 358 899 electioque
372 813 545 881 verborum
556 849 617 893 -,
640 824 807 902 propterea
822 824 997 882 ceterarum
1013 835 1118 882 rerum
1135 813 1355 881 dissimilitudo
1374 813 1510 898 intelligi

182 910 250 975 non
267 916 389 996 potest;
427 911 483 975 sed
505 911 539 974 id
560 930 618 975 nec
640 907 770 976 dubium
792 919 841 976 est
862 919 910 986 et,
937 913 964 976 si
986 912 1062 998 quid
1084 908 1180 976 babet
1199 911 1412 995 quaestionis,
1449 912 1512 973 boc

181 1012 286 1070 tamen
307 1006 411 1089 ipsum
432 1004 546 1081 adid,
568 1008 653 1090 quod
674 1007 870 1092 propositum
892 1014 957 1082 cst,
980 1013 1109 1072 nonest
1129 1007 1353 1072 necessarium.
1396 1007 1510 1070 Seiun-

182 1107 249 1164 ctus
270 1097 367 1184 igitur
387 1107 495 1165 orator
516 1120 534 1163 a
555 1099 816 1184 pbilosopbomm
838 1100 1035 1187 eloquentia,
1059 1101 1320 1186 asopbistamm‚
1345 1096 1385 1164 ab
1408 1098 1511 1165 bisto-

143 1195 339 1269 toricorum,
362 1213 381 1259 a
402 1201 568 1279 poetarum
591 1196 793 1281 explicandus
815 1203 863 1261 est
883 1192 974 1259 nobis
996 1193 1097 1278 qualis
1117 1192 1243 1262 iuturus
1264 1196 1317 1261 sit.

264 1290 353 1354 xxl.
377 1290 429 1353 oo.
452 1287 521 1354 Erit
533 1289 632 1372 igitur
642 1287 796 1375 eloquens
811 1325 853 1340 -
867 1290 952 1353 bunc
967 1291 1051 1354 cuim
1072 1296 1204 1354 auctore
1224 1291 1358 1356 Antonio
1382 1290 1509 1376 quaeri-

180 1401 250 1449 mus
262 1418 304 1432 -
318 1383 357 1459 is,
376 1384 430 1469 qui
445 1384 478 1447 in
491 1381 563 1448 loro
579 1383 745 1472 causisque
755 1381 899 1450 civilibus
914 1382 958 1448 ita
971 1381 1065 1457 dicct,
1080 1390 1117 1448 ut
1129 1380 1253 1469 probet,
1267 1391 1304 1448 ut
1314 1382 1457 1458 delectet,
1472 1390 1510 1449 ut

180 1482 296 1545 tlcctat.
341 1480 482 1543 Probare
504 1476 698 1543 necessitatis
720 1486 784 1554 est,
807 1478 962 1544 delectare
984 1479 1159 1550 suavitatis.
1185 1475 1313 1544 flectere
1334 1478 1506 1553 uictorise;

180 1592 252 1638 nam
267 1574 299 1637 id
312 1592 411 1637 unum
426 1591 468 1636 cx
482 1573 628 1637 omnibus
642 1574 681 1638 ad
696 1569 882 1639 obtinendas
896 1593 1003 1638 causas
1019 1580 1122 1656 potest
1134 1573 1318 1658 plurimum.
1353 1575 1415 1638 Sed
1429 1579 1508 1660 quot

141 1667 285 1733 ¹⁵olticia
300 1665 454 1742 oratoris,
479 1673 526 1731 tot
539 1672 612 1731 sunt
630 1666 900 1751 generedicendi:
923 1664 1037 1732 subtile
1051 1664 1276 1752 inprobando,
1299 1666 1459 1732 modicum
1474 1665 1508 1730 in

180 1760 378 1837 delectando,
394 1764 565 1827 vehemens
580 1759 613 1824 in
626 1759 798 1840 llectendo;
820 1762 853 1826 in
866 1780 931 1847 quo
945 1781 1009 1825 uno
1026 1761 1073 1824 vis
1088 1762 1189 1825 omnis
1204 1762 1340 1826 oratoris
1355 1767 1414 1826 est.
1451 1763 1505 1824 70.

179 1855 284 1941 stagni
299 1854 396 1941 igitur
408 1852 536 1930 iudicii,
560 1874 700 1919 summae
718 1854 814 1921 etiam
832 1853 988 1920 facultatis
1008 1873 1077 1920 esse
1098 1851 1228 1919 debebit
1247 1858 1433 1921 moderatos·
1453 1853 1508 1918 ille

181 1957 214 2015 et
234 1948 324 2038 quasi
347 1955 539 2036 temperator
558 1947 653 2015 buius
673 1949 848 2033 tripertitae
868 1947 1039 2018 varietatis.
1081 1952 1161 2015 Nam
1183 1957 1215 2014 et
1235 1946 1403 2026 iudicabit,
1428 1947 1506 2034 quid

181 2048 294 2132 cuique
316 2064 395 2131 opus
417 2046 478 2120 sit,
509 2051 541 2108 et
559 2042 694 2129 poterit,
725 2061 913 2129 quocunque
935 2046 1030 2109 modo
1052 2043 1223 2130 postulabit
1248 2063 1359 2121 eausa,
1389 2041 1508 2109 dicere.

142 2139 243 2205 soSed
264 2146 312 2204 est
331 2138 529 2225 eloquentiae
549 2141 630 2203 sicot
650 2137 844 2224 reliquarum
865 2159 971 2204 rerum
992 2136 1229 2204 fondamentum
1253 2137 1415 2225 sapientia.
1470 2140 1509 2203 Ut

180 2235 264 2301 enim
285 2235 319 2299 in
340 2234 422 2310 vita,
446 2232 545 2297 sicin
568 2232 709 2297 oratione
730 2231 809 2296 nibil
830 2239 878 2296 est
892 2230 1048 2297 difficilius
1063 2252 1156 2320 quam
1171 2230 1246 2319 quid
1261 2234 1371 2298 deceat
1384 2231 1509 2299 videre.

180 2327 320 2415 IIpe‘aos
348 2325 505 2414 appellant
525 2328 587 2391 boo
609 2325 737 2405 Graeci;
772 2346 831 2391 nos
853 2325 992 2392 dicamus
1014 2347 1088 2391 sane
1117 2329 1318 2392 decorum.
1363 2329 1418 2395 De
1441 2327 1507 2410 quo

178 2420 339 2510 praeclare
360 2430 392 2485 et
413 2419 510 2485 multa
530 2419 768 2505 praecipiuntur
787 2427 820 2484 et
839 2439 890 2485 res
910 2429 959 2485 cst
971 2419 1149 2504 cognitione
1164 2419 1357 2504 dignissima.
1403 2423 1508 2487 lluius

179 2517 377 2600 ignoratione
391 2534 456 2580 non
471 2515 566 2579 modo
581 2515 614 2578 in
628 2516 714 2590 vita,
733 2516 788 2579 sed
803 2515 985 2601 saepissime
999 2524 1031 2579 et
1044 2516 1077 2578 in
1091 2517 1247 2598 poematis
1261 2523 1293 2582 et
1311 2517 1344 2580 in
1361 2516 1509 2582 oratione

141 2624 170 2669 π
179 2619 338 2698 peccatur.
383 2612 436 2675 71.
460 2613 514 2675 Est
528 2617 648 2685 autem,
664 2607 741 2695 quid
754 2606 879 2686 deceat,
896 2607 1015 2676 oratori
1029 2607 1200 2675 videndum
1217 2630 1280 2676 non
1294 2613 1329 2677 in
1342 2610 1509 2676 sententiis

179 2708 284 2773 solnm
305 2704 362 2771 sed
384 2705 477 2770 etism
496 2705 529 2768 in
544 2701 661 2769 verbis.
705 2705 776 2768 Non
796 2705 880 2770 enim
902 2706 1005 2770 omnis
1025 2702 1172 2782 fortuna,
1194 2725 1260 2772 non
1274 2704 1375 2771 omnis
1390 2703 1506 2781 bonos,

179 2821 243 2866 non
266 2801 368 2866 omnis
396 2797 582 2874 auctoritas,
616 2817 681 2863 non
706 2800 808 2864 omnis
832 2806 917 2865 aetas
941 2820 1000 2865 nec
1022 2820 1099 2865 vero
1121 2798 1211 2866 locus
1231 2808 1286 2865 aot
1306 2807 1429 2888 tempos
1450 2807 1509 2866 aut

179 2896 305 2962 auditor
318 2895 419 2962 omnis
433 2897 546 2959 codem
561 2899 616 2957 aut
628 2888 798 2959 verborum
812 2915 929 2978 genere
944 2892 1122 2960 traetmdus
1137 2902 1185 2958 est
1199 2902 1253 2960 aut
1265 2895 1505 2971 sententiarum,

179 3011 366 3078 semperque
386 2992 419 3055 in
440 2987 528 3054 omni
549 2995 636 3073 parte
659 2986 809 3054 orationis
829 2996 865 3054 ut
888 2991 988 3066 vitae,
1023 2991 1098 3076 quid
1128 2986 1253 3065 deceat,
1286 2997 1335 3055 cst
1361 2989 1507 3056 conside-

142 3087 332 3150 wrandum:
369 3087 454 3172 qnod
477 3091 509 3148 et
529 3081 562 3147 in
583 3102 637 3159 rc,
671 3079 711 3147 de
732 3103 793 3169 qua
815 3085 932 3168 agitur,
965 3083 1102 3170 positum
1134 3093 1181 3150 est
1201 3091 1234 3148 et
1254 3082 1287 3149 in
1308 3084 1451 3171 personis
1473 3092 1507 3150 ct

179 3198 311 3255 eorum,
348 3181 402 3263 qui
424 3180 549 3255 dicunt,
582 3183 768 3251 eteorum,
802 3179 856 3264 qui
884 3177 1024 3244 audiunt.
1069 3182 1120 3243 72.
1153 3181 1261 3264 ltaque
1288 3181 1371 3243 bunc
1397 3177 1506 3245 locum

178 3275 274 3358 longe
287 3280 319 3338 et
332 3273 394 3338 late
409 3279 565 3358 patentem
587 3268 768 3356 philosophi
789 3274 894 3337 solent
913 3271 946 3336 in
967 3270 1079 3338 officiis
1093 3280 1225 3338 tractare
1240 3307 1282 3321 -
1296 3294 1360 3338 non
1376 3293 1447 3338 cnm
1464 3271 1505 3337 de

177 3375 265 3435 recto
282 3367 353 3454 ipso
372 3366 548 3454 disputant;
571 3386 643 3430 nam
665 3364 699 3430 id
720 3364 847 3451 quidem
870 3386 968 3431 unum
989 3373 1037 3431 est
1051 3401 1111 3443 -,
1135 3367 1327 3451 grammatici
1342 3367 1373 3429 in
1388 3367 1503 3452 poetis,

179 3464 363 3547 eloquentes
390 3464 423 3528 in
450 3460 536 3528 omni
563 3468 594 3526 et
619 3479 734 3544 genere
757 3468 789 3525 et
810 3467 899 3545 parte
921 3479 1097 3526 causarum.
1143 3461 1244 3538 Quam
1266 3460 1350 3525 enim
1372 3458 1503 3526 indeco-

140 3569 249 3623 ³⁵rum
271 3564 332 3632 est,
356 3555 396 3622 de
419 3556 585 3622 stillicidiis
606 3576 678 3620 cum
700 3559 784 3640 apud
805 3577 902 3622 unum
922 3553 1059 3620 iudicem
1081 3555 1184 3631 dicas,
1208 3553 1409 3638 amplissimis
1429 3574 1504 3620 ven·

176 3650 227 3716 bis
249 3659 282 3717 et
303 3649 382 3715 locis
402 3649 449 3716 uti
472 3651 708 3727 communibus,
743 3654 783 3716 de
811 3652 971 3716 maiestate
999 3648 1107 3735 populi
1128 3651 1259 3715 Romani
1281 3647 1447 3713 summisse
1470 3655 1503 3713 ct

177 3744 350 3810 subtiliter!
392 3747 494 3810 xxtt.
528 3747 589 3809 llic
610 3765 728 3828 genere
750 3753 835 3820 toto,
864 3752 895 3808 at
915 3762 1049 3829 persona
1069 3741 1123 3808 alii
1145 3751 1275 3829 peceant
1296 3752 1349 3809 aut
1369 3763 1424 3808 sua
1446 3749 1502 3809 aut

177 3840 316 3904 iudicum
337 3846 391 3904 aut
413 3841 507 3904 etiam
529 3839 798 3916 adversariomm,
831 3858 945 3904 neore
967 3839 1069 3902 solum
1092 3836 1262 3924 sedsaepe
1283 3835 1400 3915 verbo;
1442 3836 1502 3903 etsi

178 3933 245 3999 sine
271 3954 308 4000 re
335 3932 422 4000 nulla
449 3935 497 3999 sis
523 3932 615 4000 verbi
641 3945 705 4013 est,
744 3943 849 3999 tamen
877 3931 987 3998 eadem
1009 3953 1060 3999 res
1081 3955 1177 4020 saepe
1197 3942 1253 4000 aut
1272 3936 1426 4018 probatur
1448 3939 1503 3998 aut

249 4145 276 4196 ¹·
296 4144 345 4193 etsi
362 4143 437 4194 Etns.
467 4165 498 4180 -
526 4142 553 4192 3.
581 4157 639 4194 cum
657 4149 717 4195 ante
736 4141 870 4196 ttesnttom
888 4157 942 4195 om·
960 4146 994 4195 lt.
1017 4170 1045 4183 ·-
1077 4145 1103 4197 t.
1124 4159 1183 4197 com
1200 4146 1281 4198 attens
1298 4169 1310 4183 ·
1327 4145 1501 4196 -s’nseros'nat

178 4214 263 4267 11.-
292 4213 425 4265 oodontott
451 4226 511 4264 cum
537 4212 609 4265 ttbrts
627 4214 669 4266 R:
698 4216 831 4278 uoluptati
857 4228 916 4266 cum
936 4214 1004 4267 bido
1022 4215 1053 4266 s.
1066 4245 1071 4258 .
1085 4211 1218 4278 (nonnulli
1241 4217 1349 4267 onmem
1365 4216 1501 4279 cotnptntt

178 4285 302 4337 flebuutn
321 4292 429 4336 auctore
447 4283 552 4337 Goeller
570 4287 597 4335 tn
616 4285 665 4336 lid.
685 4284 761 4349 mat.)
786 4311 818 4323 -
850 4288 892 4338 td.
922 4299 955 4335 oc
970 4291 1042 4353 pott-
1062 4286 1136 4338 Eius.
1164 4312 1198 4323 -
1227 4289 1270 4338 12.
1290 4287 1356 4337 dicte
1373 4286 1447 4338 lttns.
1466 4309 1498 4323 ·-

176 4357 222 4408 ao.
242 4355 374 4406 orationis
399 4354 614 4416 on.1.s.,1t.
637 4379 666 4392 -
698 4357 742 4408 so.
761 4370 814 4406 uno
832 4369 885 4408 om.
907 4357 979 4408 lttns.
1005 4379 1040 4394 -
1072 4358 1115 4408 17.
1134 4357 1206 4408 titios
1225 4358 1298 4409 Etns.
1323 4381 1356 4394 ·-
1385 4357 1430 4407 30.
1450 4352 1498 4421 ast]

178 4427 258 4477 aiom
285 4425 358 4477 litos·
388 4449 423 4462 ·-·
452 4426 569 4478 ottonem
597 4427 669 4477 litos.
702 4451 732 4464 -
763 4427 808 4476 2³.
838 4432 863 4480 at
886 4429 1026 4490 proestare
1042 4430 1126 4480 mette
1145 4427 1330 4490 senescentes
1348 4427 1498 4479 Sebutrtus.

177 4497 318 4549 Librorum
337 4496 477 4549 tecttonem
495 4497 682 4548 tlrmatluttus
700 4498 792 4548 Vtctor
810 4511 835 4560 p.
856 4499 916 4550 103.
956 4499 1005 4550 ltd.
1033 4499 1111 4550 Rom.
1143 4497 1196 4550 Cir.
1218 4500 1293 4550 ltaod
1313 4499 1391 4549 Tors.
1411 4497 1448 4548 11.
1468 4510 1498 4560 p.

176 4566 238 4619 tto.
260 4591 292 4604 -
319 4566 364 4617 sat.
385 4580 438 4619 om.
457 4573 483 4617 st
501 4566 552 4619 tiu.
572 4568 597 4617 1.
617 4568 651 4619 n.
672 4592 702 4606 -
730 4569 897 4632 poematibus
914 4570 969 4621 vu.
990 4569 1061 4620 litos.
1082 4570 1148 4620 Cod.
1168 4567 1500 4633 bugamensesque

175 4640 255 4689 mmo
274 4639 379 4690 firmant
398 4637 449 4689 Gn.
468 4637 496 4688 1.
515 4639 543 4688 2.
562 4637 614 4696 lt..
642 4643 780 4703 praeterea
799 4639 933 4692 chartstns
953 4654 980 4704 p·
1000 4641 1061 4692 112.
1081 4641 1112 4690 P.
1132 4645 1158 4691 et
1176 4640 1259 4692 tuttns
1278 4641 1369 4691 Vtctor
1385 4639 1403 4690 Ι.
1425 4639 1443 4690 t.
1464 4662 1498 4677 -

176 4709 221 4760 so.
240 4723 322 4759 onem
341 4722 393 4760 om.
412 4708 486 4759 Btns.
515 4734 548 4748 -
577 4707 622 4761 33.
641 4711 828 4761 demotcstots
845 4724 907 4762 osso
927 4709 958 4761 P.
976 4709 1009 4760 lt.
1044 4710 1116 4762 lunt.
1136 4722 1189 4763 see.
1211 4710 1282 4763 Crat.
1302 4724 1333 4763 er
1352 4709 1495 4772 tnterpot..

177 4783 256 4831 ettam
275 4781 399 4834 adsersus
416 4780 572 4833 noueram.
600 4804 635 4817 -
662 4779 707 4832 ³¹1.
725 4780 881 4843 suppliciter
897 4782 932 4834 lt.
963 4807 994 4821 -
1024 4781 1069 4835 se.
1087 4781 1134 4834 ssd
1151 4783 1232 4834 ettam
1248 4781 1433 4846 soepctttne,
1452 4780 1498 4834 ud

176 4862 253 4916 coepe
270 4852 350 4904 ettam
366 4850 428 4904 ΑΜ.
448 4877 481 4895 ·-
498 4853 548 4906 stat
565 4851 635 4905 casn
650 4852 707 4904 stas
723 4851 815 4904 bamb.
