3216 5400
176 242 217 312 60
679 242 733 307 iu
756 240 993 306 HERENNIUM

176 404 459 491 gidissimacaies3
491 403 522 469 in
544 405 773 469 ferventissima
794 400 901 486 friges.
947 403 1054 466 Tacito
1078 422 1149 466 cum
1171 423 1251 484 opus
1273 408 1337 477 est,
1362 402 1497 480 ciamas;

175 502 231 566 ubi
252 501 339 587 loqui
362 503 529 575 convenit,
553 498 755 563 obmutescis.
799 501 907 562 Adest
929 499 1039 561 abesse
1054 496 1118 572 vis;
1142 498 1243 560 abest
1264 498 1382 560 reverti
1396 499 1497 580 cupis.

174 597 211 660 ln
232 616 311 678 pace
335 598 451 666 bellum
474 597 653 681 quaeritas;
690 595 724 656 in
754 591 839 657 bello
868 612 976 677 paoem
1006 593 1178 655 desideras.
1223 593 1259 654 ln
1290 592 1438 655 contione
1460 590 1499 656 de

173 691 289 756 virtute
310 692 470 776 loqueris;
509 689 542 753 in
573 688 698 772 proelio
729 708 804 772 prae
835 689 960 770 ignavia
987 689 1081 750 tubae
1113 687 1249 750 sonitum
1271 684 1412 776 perferre
1434 709 1499 751 non

152 790 275 869 spotes.
321 787 389 848 Hoc
410 803 526 869 genere
548 785 573 848 si
597 784 822 868 distinguemus
844 783 1040 858 orationem,
1077 790 1241 866 etgraves
1264 791 1296 846 et
1317 783 1420 847 ornati
1441 806 1500 867 po-

175 879 305 943 terimus
328 898 407 944 esse.

259 976 311 1037 22.
342 972 537 1038 Exclamatio
560 979 630 1048 est,
664 994 744 1058 quae
775 968 901 1037 coniicit
929 968 1189 1055 significationem
1217 969 1337 1037 doloris
1370 981 1425 1039 aut
1452 976 1500 1039 in-

175 1065 361 1152 dignationis
393 1067 522 1132 aiiouius
554 1087 612 1151 per
644 1065 779 1131 hominis
810 1075 864 1129 aut
890 1067 979 1130 urbis
1007 1074 1061 1130 aut
1088 1067 1150 1130 loci
1182 1074 1236 1130 aut
1256 1066 1303 1131 rei
1325 1068 1499 1150 cuiuspiam

174 1161 469 1248 compellationem,
493 1160 553 1225 hoo
575 1163 690 1226 modo:
722 1165 767 1225 Te
787 1183 871 1224 nunc
892 1162 1054 1244 alloquor,
1078 1159 1246 1237 Africano,
1271 1164 1358 1225 cuius
1380 1165 1499 1226 mortui

136 1274 300 1342 aequoque
321 1278 437 1321 nomen
460 1258 621 1342 splendori
643 1277 680 1319 ac
702 1253 809 1320 decori
839 1263 886 1319 est
912 1253 1041 1319 civitati.
1087 1253 1145 1318 Tui
1175 1254 1337 1321 clarissimi
1365 1265 1500 1341 nepotes

173 1372 230 1414 suo
259 1354 410 1435 sanguine
441 1350 584 1415 aluerunt
612 1351 810 1415 inimicorum
843 1349 1069 1414 crudelitatem.
1115 1352 1213 1414 Item:
1248 1351 1275 1414 Ο
1307 1350 1500 1436 perfidiosae

172 1446 349 1529 Fregellae,
374 1466 467 1531 quam
488 1447 581 1509 facile
603 1447 722 1509 sceiere
743 1453 850 1510 vestro
873 1442 1093 1507 contabuistisl
1117 1452 1168 1519 ut,
1193 1445 1282 1508 cuius
1304 1444 1388 1510 nitur
1408 1448 1500 1511 urbis

171 1539 292 1604 Italiam
314 1560 414 1625 nupor
428 1540 614 1614 illustravit,
639 1541 706 1604 eius
721 1558 804 1603 nuuc
817 1537 873 1602 vix
887 1537 1160 1603 fundamentorum
1175 1537 1326 1624 reliquiae
1343 1548 1499 1603 maneant.

171 1636 270 1699 item:
306 1637 466 1699 Bonorum
497 1636 697 1698 insidiatores
733 1632 897 1697 latrocinio
932 1634 1028 1696 vitam
1062 1630 1307 1696 innocentissimi
1347 1635 1500 1718 cuiusque

135 1730 316 1811 repensum
353 1736 511 1792 tantamne
545 1749 585 1792 ex
614 1729 775 1813 iniquitate
807 1727 994 1792 iudiciorum
1017 1727 1131 1790 restris
1154 1726 1317 1791 calumniis
1340 1728 1499 1813 assumitis

170 1821 372 1887 facultatemi
407 1825 474 1886 ilac
496 1821 719 1887 exclamatione
741 1825 767 1887 si
790 1821 860 1887 ioco
882 1829 1028 1894 utemur,
1066 1839 1140 1884 raro
1164 1828 1195 1884 et
1217 1841 1288 1884 cum
1302 1823 1356 1885 rei
1380 1826 1501 1906 magni-

172 1918 249 1982 tudo
270 1916 428 2003 postuiare
451 1919 626 1992 videbitur,
664 1918 704 1981 ad
731 1938 825 2003 quam
847 1917 991 1980 volemus
1013 1915 1260 1999 indignationem
1282 1918 1422 1981 animum
1445 1940 1500 1983 au·

172 2012 282 2076 diteris
304 2009 505 2075 adducemus.
581 2063 583 2066 <

256 2108 466 2190 iuterrogatio
487 2128 552 2169 nun
575 2107 677 2170 omnis
700 2104 803 2188 gravis
826 2112 873 2168 est
894 2123 997 2187 nequo
1019 2103 1189 2180 concinna,
1214 2105 1269 2168 sed
1283 2102 1378 2180 haec,
1403 2127 1497 2190 quae,

133 2217 242 2265 mcum
266 2209 447 2265 'enumerata
469 2208 541 2264 suut
561 2221 618 2274 ea,
652 2222 731 2286 quae
754 2203 870 2276 obsunt
891 2220 1003 2262 causae
1026 2200 1301 2274 adversariorum,
1335 2199 1500 2266 confirmat

171 2297 367 2381 superiorem
401 2297 599 2371 orationem,
637 2298 698 2359 hoc
731 2303 844 2378 pacto:
883 2296 960 2358 Cum
994 2296 1089 2378 igitur
1121 2297 1199 2357 iraeo
1226 2293 1332 2357 omnia
1364 2292 1498 2371 iaceres,

171 2388 309 2465 diceres,
341 2391 595 2463 administrares,
632 2400 735 2455 utrum
758 2391 880 2453 animos
907 2388 1065 2452 sociorum
1088 2390 1127 2451 ab
1150 2387 1332 2472 republica
1355 2410 1500 2455 remove·

169 2486 227 2548 bas
249 2494 280 2548 et
301 2485 510 2557 abalienabas,
533 2507 572 2548 an
595 2490 684 2549 noni
706 2488 766 2549 Et:
792 2486 899 2548 Utrum
921 2481 1057 2568 aliquem
1080 2486 1239 2546 exhortari
1261 2485 1419 2565 oportuit,
1444 2489 1498 2571 qui

169 2578 229 2642 ista
250 2588 280 2642 te
301 2577 483 2663 prohiberet
504 2599 540 2642 ac
561 2581 631 2643 fieri
652 2599 716 2644 nou
739 2581 874 2653 sineret,
898 2599 937 2641 an
961 2582 1049 2642 uon‘t

131 2687 161 2729 2⁵
254 2676 338 2737 XVI
362 2676 415 2737 23.
439 2674 648 2738 Ratiocinatio
671 2685 735 2747 est,
771 2693 830 2758 per
857 2692 949 2756 quam
979 2671 1038 2754 ipsi
1060 2693 1079 2734 a
1101 2671 1194 2735 nobis
1217 2671 1372 2737 rationem
1394 2636 1499 2760 posci·

170 2788 261 2843 mus,
286 2789 385 2852 quare
407 2770 546 2853 quidque
569 2767 727 2842 dicamus,
762 2775 793 2830 et
815 2769 929 2831 crebro
951 2776 1075 2830 nosmet
1096 2787 1115 2829 a
1136 2767 1228 2830 nobis
1249 2769 1383 2850 petimus
1405 2772 1499 2835 unius

169 2863 320 2946 cuiusque
342 2863 566 2948 propositionis
581 2861 847 2944 explanationem.
892 2864 937 2924 Ea
958 2870 1006 2924 est
1019 2862 1222 2925 huiusmodi:
1247 2863 1383 2925 Maiores
1398 2866 1499 2928 nostri

169 2956 196 3018 si
218 2977 310 3040 quam
333 2959 425 3020 unius
448 2958 568 3039 peccati
590 2955 754 3019 mulierem
778 2957 987 3028 damnabant,
1026 2954 1159 3038 simplici
1190 2956 1306 3019 iudicio
1328 2954 1500 3021 multorum

169 3048 395 3114 maleficiorum
418 3051 593 3113 convictam
615 3053 776 3134 putabant.
833 3050 903 3125 Quo
925 3053 1042 3134 pacto?
1074 3049 1246 3125 Quoniam,
1280 3070 1374 3134 quam
1396 3049 1500 3134 impu-

133 3143 272 3206 ³⁰dicam
306 3142 496 3218 iudicarant,
544 3165 581 3206 ea
608 3141 749 3206 veneficii
781 3163 906 3228 quoque
941 3143 1084 3206 damnata
1122 3143 1369 3211 existimabatur.
1413 3145 1499 3221 Quid

170 3241 237 3301 itai
275 3239 356 3314 Quia
385 3229 512 3301 necesse
542 3246 590 3300 est
616 3257 703 3310 cam,
740 3258 820 3322 quae
853 3259 942 3301 suum
974 3258 1088 3319 corpus
1118 3236 1273 3302 addixerit
1300 3237 1500 3324 turpissimae

170 3332 347 3414 cupiditati,
383 3332 493 3396 timere
515 3330 700 3416 permultos.
747 3331 833 3406 Quos
856 3331 956 3394 istos?
995 3333 1124 3406 Virum,
1160 3341 1327 3416 parentes,
1360 3341 1497 3409 ceteros,

170 3424 209 3490 ad
232 3446 312 3511 quos
334 3425 419 3489 videt
449 3428 496 3490 sui
529 3424 693 3489 dedecoris
721 3424 879 3488 infamiam
907 3424 1078 3508 periinere.
1125 3425 1207 3503 Quid
1240 3430 1373 3509 posteat
1410 3429 1499 3504 Quos

169 3527 255 3583 tanto
279 3539 375 3603 opere
399 3523 526 3596 timeat,
552 3542 607 3585 eos
629 3541 758 3584 necesse
782 3527 849 3593 est,
873 3520 929 3592 ui,'
948 3540 1076 3605 quoquo
1092 3524 1186 3585 modo
1202 3523 1319 3604 possit,
1344 3522 1499 3587 veneficio

132 3620 264 3696 sspetat.
310 3614 397 3677 Curi
422 3615 504 3691 Quia
528 3617 613 3679 nulla
635 3623 739 3697 potest
760 3616 890 3677 honesta
906 3615 986 3676 ratio
1004 3617 1141 3678 relinere
1158 3637 1246 3690 eam,
1271 3636 1364 3701 quam
1380 3618 1501 3701 magui·
1561 3627 1570 3652 ·

169 3709 246 3773 tudu
268 3709 388 3791 peccati
410 3709 485 3771 iacit
513 3710 675 3783 timidam,
705 3709 953 3796 ¹intemperantia
985 3706 1156 3784 audacem,
1193 3719 1303 3773 natura
1336 3710 1499 3775 muliebris

169 3801 442 3866 inconsideratam.
488 3804 569 3880 Quid
604 3802 749 3867 veneficii
784 3804 984 3866 damnatam?
1024 3800 1151 3888 [Quidl]
1186 3806 1341 3868 Putabant
1363 3806 1501 3887 impudi-

169 3916 238 3961 cam
262 3917 388 3982 quoque
411 3900 601 3961 necessario.
647 3899 775 3974 Quare‘i
814 3895 894 3972 Quia
925 3898 1011 3959 nulla
1039 3895 1161 3961 facilius
1192 3901 1231 3961 ad
1255 3897 1287 3963 id
1309 3897 1499 3963 maleficium

169 4012 263 4056 eausa
285 4012 377 4075 quam
401 3994 500 4074 turpis
522 4012 613 4055 amur
635 4000 666 4054 et
689 3993 899 4074 intemperans
922 3990 1021 4053 libido
1044 4012 1245 4057 commovere
1260 3995 1383 4075 putuit3
1409 3994 1499 4057 euius

131 4084 311 4150 somulieris
333 4087 454 4149 animus
477 4095 559 4148 esset
580 4094 767 4167 corruptus,
800 4086 868 4148 eius
899 4106 1013 4166 eorpus
1043 4093 1160 4149 castum
1179 4108 1254 4163 ⁸esse
1277 4108 1340 4151 uon
1368 4097 1500 4169 putave-

169 4186 253 4243 runt.
300 4178 382 4255 Quid
415 4181 447 4242 in
476 4181 576 4243 viris‘t
610 4177 737 4242 idemne
767 4182 828 4242 iroc
861 4181 1094 4243 observabant?
1130 4180 1269 4245 Minime.
1314 4183 1397 4258 Quid
1431 4183 1498 4245 ita?

169 4275 251 4351 Quia
272 4276 357 4338 viros
380 4277 418 4337 ad
442 4295 538 4338 unum
563 4276 709 4360 quodque
732 4271 919 4336 maleficium
943 4274 1084 4356 singulae
1101 4275 1289 4357 cupiditates
1311 4275 1497 4358 impellunt:

239 4437 265 4485 5
284 4443 420 4498 etgraves
439 4436 744 4485 stornaui’suuuuz
765 4443 789 4483 et
809 4434 939 4483 omutsst
959 4438 1152 4495 procesit·
1174 4440 1216 4486 ii
1237 4438 1329 4488 Ooru.
1344 4437 1445 4487 PlillT.
1467 4464 1498 4473 -

170 4507 214 4556 15
235 4509 370 4556 assumetis
390 4507 408 4554 F
428 4513 454 4557 et
473 4519 512 4566 pr.
532 4508 570 4563 Α,
591 4507 770 4569 assumpsistis
791 4504 810 4552 B
830 4509 857 4553 et
876 4506 979 4553 corni
989 4507 1193 4564 ,itemL.-
1218 4507 1261 4557 23.
1283 4517 1306 4558 et
1326 4509 1498 4558 abalienatus

169 4575 249 4624 Puui
277 4584 301 4625 et
321 4578 457 4627 alienatas
475 4578 529 4627 ΤΕ
550 4577 613 4636 (om
629 4571 842 4636 uersuros.)
867 4596 900 4609 -
932 4575 1126 4628 exhortarer:
1147 4579 1269 4628 exortari
1286 4581 1307 4628 B
1326 4588 1353 4630 es
1371 4592 1439 4629 eorr
1460 4579 1494 4630 P.

169 4647 295 4696 exornari
309 4648 328 4696 E
343 4661 401 4696 curu
416 4649 484 4697 iiiii
496 4657 521 4700 et
541 4660 579 4708 pr.
595 4647 728 4696 1³.-oe.
748 4648 803 4694 ista
821 4652 845 4693 te
863 4644 898 4692 Ρ.
918 4646 972 4693 isto
986 4660 1038 4694 orn.
1056 4657 1080 4698 te
1093 4650 1126 4705 i),
1146 4651 1209 4697 istec
1227 4650 1285 4711 (sic)
1300 4651 1329 4707 B,
1350 4651 1404 4698 istu
1422 4651 1463 4698 oei
1475 4657 1499 4698 te

170 4728 203 4764 ex
215 4715 243 4772 T,
258 4716 305 4764 illu
320 4720 350 4769 R,
365 4719 418 4767 issa
431 4720 495 4769 esT.
512 4743 539 4752 -
555 4718 598 4766 30.
619 4732 689 4768 eon
701 4717 831 4765 damnata
840 4715 1041 4766 existimabatur
1055 4719 1133 4768 PFT:
1155 4732 1211 4766 eom
1221 4744 1233 4754 -
1249 4744 1260 4754 ·
1274 4722 1432 4770 damnatum
1445 4724 1499 4769 exi·

169 4785 313 4834 sumntum
327 4789 427 4840 uultu.
442 4816 469 4827 -
488 4788 531 4837 37.
553 4788 624 4850 Quid
636 4787 840 4849 anteposuimus
855 4799 906 4834 om.
920 4786 976 4835 ΒΤ.
997 4788 1050 4838 Nos
1061 4791 1226 4841 seclusimus.
1244 4816 1272 4826 -
1293 4791 1338 4841 33.
1353 4804 1411 4839 cum
1423 4791 1499 4840 cuius

171 4855 308 4906 PABFRT
330 4870 388 4906 cum
411 4862 504 4910 ceteris
525 4859 608 4909 ituris.
636 4859 793 4912 Emendarit
812 4855 875 4906 Ero.
899 4879 924 4890 -
948 4857 992 4907 tsi.
1012 4861 1116 4912 idemne
1133 4861 1181 4909 sos
1199 4859 1220 4910 P
1238 4860 1355 4926 alitque,
1384 4861 1496 4913 lumba

174 4926 278 4978 idemus
296 4928 359 4990 (cur.
373 4928 430 4993 tos)
448 4928 595 4981 seruus.
