3232 5392
570 237 645 304 LlB.
667 236 693 302 1.
735 236 769 302 C.
791 236 843 301 Ἦ.
867 233 921 300 28.
946 233 999 299 29.
1390 235 1451 299 lou

126 414 222 460 mors.
268 393 467 479 Disparatum
489 403 594 461 autem
616 404 664 461 est
685 397 733 470 id,
769 396 854 482 quod
883 396 924 458 ab
952 395 1057 480 aliqua
1085 416 1119 460 re
1140 413 1199 480 per
1219 396 1452 481 oppositionem

125 490 302 575 negationis
323 498 505 575 separatur,
528 493 590 557 boc
609 494 725 557 modo:
749 511 882 572 sapere,
906 510 969 555 nou
984 509 1109 572 sapere.
1154 492 1260 555 Genus
1273 500 1340 566 est,
1366 494 1452 579 quod

125 594 231 671 partes
252 582 373 669 aliquas
393 585 611 670 amplectitur,
635 592 670 650 ut
691 587 855 672 cupiditas.
900 587 975 648 Pars
997 593 1063 659 est,
1087 605 1169 669 quae
1189 587 1300 648 subest
1321 585 1450 670 generi,

126 688 161 745 ut
182 698 293 753 amor,
331 679 472 742 avaritia.
514 681 652 745 Eventus
679 688 727 746 est
753 680 855 744 exitus
876 677 1008 743 alicuius
1029 679 1169 762 negotii,
1202 679 1235 744 in
1256 699 1320 766 quo
1341 680 1451 767 quaeri

126 777 225 850 solet,
248 771 385 859 quidex
407 791 588 858 quoquere
610 772 768 849 evenerit,
793 772 935 846 eveniat,
959 781 1143 837 eventurum
1166 769 1217 837 sit.
1263 775 1369 853 Quare
1392 776 1475 840 boc⁵

46 860 52 874 “
126 871 160 935 in
181 886 317 953 genere,
341 875 377 931 ιιι
398 866 612 945 commodius,
636 869 712 956 quid
734 876 919 934 eventurum
941 867 998 941 sit,
1029 874 1101 930 ante
1123 866 1228 931 animo
1251 868 1356 953 colligi
1378 889 1454 953 pos·

126 965 182 1039 sit,
218 962 294 1049 quid
323 982 449 1047 quaque
471 982 511 1027 ex
532 985 568 1028 ro
589 963 689 1029 soleat
710 964 856 1035 evenire,
880 957 1142 1025 considerandum
1164 966 1229 1036 est,
1253 972 1315 1036 1100
1337 970 1449 1034 modo:

126 1063 173 1126 Ex
195 1058 374 1142 arrogantia
395 1056 519 1132 odium,
543 1077 584 1122 ex
604 1057 770 1124 insolentia
791 1055 984 1137 arrogantia.

210 1153 261 1220 ι3.
283 1152 402 1228 Quarta
424 1161 529 1216 autem
551 1173 625 1234 pars
643 1160 745 1219 estex
760 1154 818 1226 iis,
841 1169 919 1235 quas
932 1148 1068 1232 negotiis
1082 1147 1265 1215 dicebamus
1280 1169 1349 1215 osse
1364 1150 1453 1215 attri-

126 1252 235 1322 butas,
260 1245 453 1310 consecutio.
498 1248 533 1310 ln
554 1250 613 1312 bac
636 1269 693 1313 eae
716 1268 769 1312 res
791 1252 1003 1332 quaeruntur,
1038 1264 1119 1328 quae
1141 1252 1265 1328 gestum
1287 1248 1451 1329 negotium
1462 1265 1490 1306 ιι

127 1349 380 1427 consequuntur:
403 1342 560 1424 primum,
584 1342 670 1426 quod
691 1340 808 1406 factum
831 1347 895 1413 est,
922 1358 986 1423 quo
1007 1336 1039 1401 id
1061 1339 1189 1402 nomine
1210 1339 1364 1425 appellari
1378 1359 1454 1405 con·

66 1508 69 1519 .
126 1437 245 1512 reniat3
280 1433 395 1498 deinde
417 1436 486 1499 eius
506 1435 581 1499 iacti
604 1439 657 1520 qni
681 1438 743 1501 sint
763 1433 922 1520 principos
945 1441 977 1496 ιι
998 1433 1197 1506 inventores,
1230 1435 1284 1517 qui
1316 1434 1455 1519 denique

127 1530 319 1595 auctoritatis
352 1529 419 1592 eius
451 1538 483 1592 et
515 1529 704 1594 inventionis
737 1526 994 1614 comprobatores
1027 1534 1121 1612 atque
1161 1528 1298 1604 aemuli3
1337 1529 1452 1594 deinde

128 1644 246 1712 ecquae
274 1645 312 1688 ea
342 1626 383 1688 de
414 1645 448 1688 ιι
481 1632 535 1689 aut
562 1623 630 1688 eius
657 1626 703 1688 rei
726 1629 764 1688 sit
786 1626 855 1696 lex,
893 1624 1107 1695 cousuetudo,
1145 1622 1247 1695 actio,
1281 1620 1452 1699 iudicium,

128 1721 277 1793 scientia,
300 1716 484 1793 artificium
508 1720 622 1782 deinde
638 1727 750 1784 natura
767 1720 835 1782 eius
858 1715 985 1782 evenire
999 1716 1094 1797 vulgo
1116 1715 1217 1779 soleat
1230 1735 1269 1778 an
1284 1717 1491 1783 insolenterrs

128 1823 160 1878 et
179 1832 270 1888 raro;
303 1820 415 1895 postea
435 1810 583 1876 bomines
604 1810 636 1876 id
659 1833 715 1877 sua
737 1811 921 1876 auctoritate
943 1810 1153 1893 comprobare
1174 1830 1213 1873 an
1236 1808 1429 1875 offendere'
1420 1833 1453 1874 ιιι

127 1908 166 1972 iis
195 1908 394 1978 consuerint,
426 1914 458 1969 et
488 1914 610 1978 cetera,
644 1927 725 1992 quae
752 1906 869 1972 lactum
898 1903 1027 1988 aliquod
1049 1904 1194 1967 similiter
1215 1902 1378 1969 confestim
1401 1914 1456 1969 aut

127 2023 167 2067 ex
188 1999 352 2065 intervallo
374 2001 478 2064 solent
499 2005 659 2085 consequi.
703 2003 823 2065 Deinde
845 2007 1007 2086 postremo
1030 2001 1253 2062 attendendum
1275 2005 1344 2075 est,
1378 2019 1453 2064 num

128 2117 209 2197 quae
232 2113 286 2158 res
308 2115 349 2158 ex
371 2095 410 2159 iis
431 2096 540 2167 rebus,
569 2115 651 2181 quae
673 2097 793 2179 positae
815 2096 940 2158 suntin
962 2094 1104 2178 partibus
1127 2095 1298 2159 honestatis
1319 2101 1373 2158 aut
1394 2095 1455 2157 uti·

127 2175 243 2263 litatis,
268 2195 516 2272 consequentum
538 2189 578 2252 de
600 2186 745 2272 quibus
735 2209 768 2251 ιιι
791 2187 999 2253 deliberativo
1012 2208 1131 2270 genero
1146 2209 1259 2252 causae
1278 2187 1492 2254 distinctius»

129 2285 188 2350 erit
208 2286 387 2348 dicendum.
430 2284 476 2344 Ac
498 2283 633 2366 negotiis
655 2281 782 2368 quidem
802 2282 871 2348 sere
898 2301 949 2346 res
980 2301 1053 2359 eae,
1089 2303 1166 2367 quas
1194 2282 1455 2347 commemoravi·

128 2398 211 2454 mus,
234 2384 307 2441 sunt
328 2378 507 2441 attributae.

211 2472 329 2535 xxix.
351 2473 404 2535 44.
440 2470 548 2535 Omnis
578 2480 684 2536 autem
712 2473 959 2557 argumentatio,
998 2492 1078 2558 quae
1108 2494 1149 2537 ex
1176 2472 1215 2537 iis
1244 2475 1339 2553 locis,
1371 2494 1452 2561 quos

128 2558 458 2637 commemoravimus,
488 2575 645 2638 sumetur,
677 2574 731 2631 aut
752 2567 925 2648 probabilis
946 2575 999 2630 aut
1021 2569 1196 2632 necessaria
1219 2570 1346 2634 debebit
1368 2591 1449 2635 esse.

127 2661 270 2732 Etenim,
303 2667 339 2723 ut
366 2660 505 2723 breviter
532 2657 762 2736 describamus,
796 2661 1026 2744 argumentatio
1052 2659 1178 2725 videtur
1199 2681 1269 2726 esse
1290 2665 1490 2728 iuventamn

128 2758 233 2842 aliquo
256 2774 296 2818 ex
319 2773 455 2835 genere,
491 2774 558 2817 rem
581 2754 717 2839 aliquam
738 2763 793 2818 aut
814 2756 1020 2840 probabiliter
1041 2753 1209 2819 ostendens
1232 2765 1287 2821 aut
1308 2777 1452 2821 necessa·

127 2852 174 2914 rie
195 2850 426 2913 demonstrans.
471 2850 653 2913 Necessarie
675 2851 926 2913 demonstrantur
948 2868 1001 2922 ea,
1026 2868 1107 2934 quae
1129 2850 1220 2913 aliter
1239 2871 1276 2914 ac
1297 2852 1443 2916 dicuntur

128 2964 185 3008 nec
208 2939 276 3006 fieri
297 2962 356 3006 noc
377 2943 506 3026 probari
527 2950 675 3027 possunt,
705 2945 766 3006 hoc
787 2945 899 3006 modo:
929 2945 960 3006 Si
983 2943 1122 3027 peperit,
1148 2963 1219 3008 cum
1243 2943 1312 3009 viro
1334 2963 1451 3008 concu-

127 3038 206 3112 buit.
251 3039 320 3102 Hoc
342 3056 439 3119 genus
460 3036 716 3121 argumentandi,
741 3040 827 3122 quod
850 3038 882 3099 in
906 3035 1082 3100 necessaria
1098 3039 1365 3104 demonstratione
1382 3060 1452 3104 ver·

127 3143 229 3207 satur,
277 3129 413 3194 maxime
444 3138 593 3195 tractatur
622 3133 655 3194 in
683 3129 818 3195 dicendo
849 3137 904 3194 aut
933 3149 992 3215 per
1024 3130 1276 3216 complexionem
1309 3140 1362 3197 aut
1393 3147 1489 3218 perta

128 3227 395 3293 enumerationem
421 3232 476 3288 aut
500 3243 558 3308 per
585 3223 759 3307 simplicem
787 3222 1032 3288 conclusionem.
1079 3225 1132 3290 ιι.
1168 3226 1353 3312 Complexio
1389 3236 1449 3303 est,

127 3325 159 3386 in
181 3342 259 3409 qua,
283 3327 387 3384 utrum
409 3318 621 3394 concesseris,
643 3320 900 3401 reprehenditur,
923 3321 962 3381 ad
983 3321 1067 3383 bunc
1089 3323 1237 3386 modum:
1275 3323 1309 3386 Si
1333 3323 1453 3406 impro-

129 3419 187 3480 bus
208 3423 271 3489 est,
294 3432 351 3477 cur
373 3412 497 3478 uteris‘l
527 3415 554 3477 si
576 3410 708 3497 probus,
731 3431 788 3476 cur
809 3416 961 3476 accusas?
993 3415 1197 3478 Enumeratio
1220 3423 1289 3492 est,
1320 3417 1450 3501 inqua,

128 3507 270 3598 pluribus
299 3511 395 3571 rebus
425 3506 576 3592 expositis
606 3516 637 3570 ιι
670 3508 783 3571 ιιιιιιι
814 3505 995 3581 infirmatis,
1033 3528 1094 3572 una
1121 3507 1244 3595 reliqua
1272 3511 1451 3575 necessario

129 3603 349 3676 confirmatur,
372 3605 433 3666 boc
455 3609 563 3687 pacto:
587 3604 721 3665 Necesse
743 3608 790 3665 est
811 3608 864 3664 aut
885 3599 1120 3668 inimicitiarum
1142 3624 1233 3668 causa
1247 3606 1288 3668 ab
1305 3602 1365 3668 boc
1381 3625 1489 3676 essese

128 3698 266 3764 occisum
286 3705 340 3761 aut
360 3705 462 3761 metus
482 3705 536 3761 aut
556 3695 635 3804 spei·
645 3705 700 3762 aut
720 3698 851 3760 alicuius
873 3695 965 3759 amici
988 3699 1089 3778 gratia
1103 3705 1175 3772 aut,
1199 3698 1226 3763 si
1242 3698 1354 3765 borum
1371 3700 1452 3764 nibil

130 3802 193 3869 est,
224 3793 352 3857 abhoc
379 3810 442 3856 non
469 3811 539 3856 csse
568 3789 723 3868 occisum3
756 3810 827 3854 nam
856 3788 1040 3854 sinecausa
1063 3789 1250 3857 maleficium
1273 3801 1451 3878 susceptum

129 3909 197 3952 esse
219 3907 282 3950 non
304 3895 422 3972 potest:
445 3888 501 3951 sed
521 3905 626 3971 neque
648 3883 828 3949 inimicitiae
848 3885 975 3949 luerunt
995 3907 1054 3949 uec
1077 3895 1179 3952 metus
1200 3890 1284 3953 ullus
1306 3909 1363 3952 nec
1378 3907 1451 3973 spee

128 4001 168 4046 ex
189 3988 291 4046 morte
312 3981 396 4044 illius
416 3979 547 4045 alicuius
569 3977 727 4044 commodi
750 3999 853 4064 neque
875 3980 914 4042 ad
935 3972 1070 4044 amicum
1092 3981 1186 4045 buius
1207 3980 1343 4067 aliquem
1367 4001 1451 4046 mors

128 4076 211 4141 illius
232 4072 414 4161 pertinebat.
457 4075 656 4158 Relinquitur
676 4072 789 4158 igitur,
814 4080 849 4138 ut
870 4075 910 4136 ab
924 4074 987 4139 boc
1001 4095 1067 4138 non
1081 4076 1120 4140 sit
1134 4075 1266 4145 occisus.
1314 4077 1489 4159 Simplexse

129 4181 232 4237 autem
260 4168 421 4235 conclusio
449 4190 489 4233 cx
517 4167 694 4233 necessaria
716 4169 938 4232 consecutione
961 4166 1142 4245 conficitur,
1178 4172 1239 4235 boc
1261 4173 1379 4237 modo:
1418 4171 1451 4233 Si

197 4400 224 4449 3.
244 4412 355 4462 repere,
374 4413 428 4449 oon
446 4399 484 4458 V,
505 4398 580 4449 Voss.
600 4397 623 4447 l.
643 4397 719 4448 Leld.
740 4398 807 4447 lll.:
828 4410 921 4459 sapere
939 4405 963 4448 et
981 4411 1036 4448 eoo
1053 4397 1178 4448 Pauus.
1197 4422 1231 4432 -
1253 4397 1280 4447 4.
1299 4399 1384 4448 sottus
1402 4397 1453 4448 oli·

128 4473 203 4521 eus'ue
221 4470 352 4529 ΡΡιιιῙ,
372 4470 409 4520 L:
428 4472 541 4520 alicuius
560 4470 644 4520 estem
666 4469 695 4518 ll.
714 4469 857 4532 (aliquoius
867 4466 975 4529 ΔΤ.)-
994 4470 1021 4520 5.
1035 4476 1234 4529 eventorumque
1247 4467 1326 4518 ΑιιΤ.
1347 4468 1379 4517 ιιι
1392 4480 1450 4530 noe,

128 4542 190 4592 Pet
203 4542 330 4592 Victorini
350 4540 415 4591 eoo.
435 4541 513 4591 Rastl.
528 4564 559 4575 -
580 4540 606 4590 3.
627 4541 758 4589 commode
776 4538 798 4589 V
817 4546 844 4589 et
863 4552 901 4599 pr.
922 4538 952 4588 Ρ.
974 4564 1004 4576 —-
1024 4538 1049 4588 3.
1070 4540 1322 4603 quoe··uttributo
1342 4539 1415 4590 leid.
1427 4539 1450 4591 l.

129 4613 236 4663 Orontb.
257 4613 318 4663 Scb.
339 4612 489 4662 ellrcldlese
509 4611 612 4660 rldetur
631 4610 674 4658 ιιι
693 4610 796 4658 retes.»
818 4609 888 4659 0ud.
912 4633 942 4645 -
962 4611 1005 4660 15.
1025 4611 1116 4660 deinde
1134 4609 1197 4672 quid
1215 4621 1247 4657 ex
1263 4617 1365 4660 acturo
1379 4609 1449 4658 V.-

129 4684 173 4734 to.
193 4685 320 4749 offendere
340 4683 399 4732 AT:
420 4680 516 4745 otleedt
535 4681 555 4731 ll
573 4692 633 4729 cum
653 4678 700 4729 vlt
718 4687 745 4730 et
762 4684 787 4730 tu
807 4693 896 4731 rasura
915 4678 946 4729 Ρ.
966 4704 997 4715 -
1027 4680 1069 4728 17.
1090 4680 1128 4729 ιιι
1147 4679 1270 4732 PARTE.
1293 4704 1322 4716 -
1349 4692 1454 4730 coneus·

128 4757 184 4803 etot
201 4755 265 4804 AT:
296 4759 454 4803 consuerunt
474 4753 532 4815 (per
548 4751 750 4809 compendium)
770 4751 802 4810 P,
829 4753 1009 4802 consueverint
1033 4750 1112 4800 vllll.
1141 4774 1171 4785 -
1203 4750 1246 4800 13.
1273 4753 1453 4812 positoerrmt

128 4824 235 4875 PART:
256 4829 318 4873 eunt
328 4827 433 4887 poeitae
448 4824 477 4872 ll.
493 4848 522 4860 -
543 4822 588 4872 2³.
607 4823 803 4883 argumentatio
821 4830 908 4870 eutem
923 4818 951 4869 Ρ.
967 4845 997 4854 -
1018 4820 1062 4871 td.
1083 4822 1174 4886 aliquo
1192 4834 1225 4874 eo
1237 4820 1297 4874 ru:
1317 4835 1349 4874 ec
1361 4823 1452 4887 utiquo
1522 4849 1525 4853 .

128 4895 207 4946 ΛΤΒ.
228 4921 258 4933 -
279 4893 323 4944 33.
343 4895 367 4944 ιι·
384 4893 496 4944 rann:
515 4893 558 4942 rin
577 4892 607 4943 ll.
627 4916 658 4929 -
678 4889 721 4943 ³8.
740 4905 793 4943 noa
808 4898 893 4956 potest
912 4904 964 4941 esee
983 4888 1037 4941 Pu.
