3232 5392
222 236 264 300 82
726 232 779 296 AD
800 231 1033 299 BERENNIUM

221 390 331 460 litudo.
373 395 451 457 Rem
472 389 665 457 ornatiorem
685 388 772 466 facit,
805 411 877 456 cum
905 392 1020 458 nullius
1044 393 1092 457 rei
1114 391 1174 458 nisi
1197 393 1357 478 dignitatis
1380 415 1473 460 causa
1496 415 1545 460 su-

220 487 330 566 mitur;
354 486 560 573 apertiorem,
584 506 655 550 cum
678 485 729 560 id,
753 486 839 571 quod
861 487 900 552 sit
922 487 1102 561 obscurius,
1126 487 1224 572 magis
1239 487 1412 555 dilucidum
1426 488 1564 571 reddit;‚

221 582 482 666 probabiliorem,
518 603 589 646 cum
616 580 715 666 magis
743 579 811 645 veri
839 580 971 645 similem
993 580 1082 659 sacii;
1118 591 1189 647 aute
1210 582 1318 648 oculos
1340 582 1444 668 pouit,
1476 603 1545 647 cum

222 678 370 763 exprimit
396 675 501 743 omnia
530 674 710 761 perspicue,
748 683 783 739 ut
815 694 867 738 res
897 693 999 759 prope
1028 674 1129 739 dicam
1158 697 1253 742 manu
1286 681 1401 742 tentari
1435 677 1543 762 possit.

199 772 317 838 ⁵Unius
338 772 489 855 cuiusque
511 768 637 852 generis
658 768 779 853 singula
801 768 1040 834 subiecissemus
1063 771 1224 857 exempla,
1248 770 1306 835 nisi
1332 768 1544 856 [exemplum],

221 865 305 952 quod
327 886 426 951 genus
448 873 546 939 esset,
574 862 606 928 iu
628 863 819 949 expolitione
843 862 1142 933 demonstrassemus
1165 875 1197 930 et
1217 885 1326 931 causus
1347 864 1492 931 sumendi
1514 865 1545 929 iu
1584 902 1585 905 =

220 959 422 1025 similitudine
451 958 694 1044 aperuissemus.
742 959 846 1035 Quare
878 958 1036 1023 noluimus
1065 979 1169 1045 neque
1199 979 1313 1045 pauca,
1350 979 1414 1044 quo
1443 963 1545 1024 miuus

219 1054 462 1138 intelligeretur,
484 1073 601 1140 neque,
625 1074 660 1118 re
682 1052 855 1124 intellecta,
877 1052 967 1138 plura
989 1051 1139 1117 scribere.

301 1152 408 1233 Imago
441 1158 489 1214 est
519 1148 640 1215 formae
673 1167 745 1213 eum
776 1145 878 1211 forma
907 1167 978 1213 cum
1011 1147 1143 1233 quadam
1177 1148 1380 1216 similitudine
1410 1149 1544 1216 collatio.

180 1246 303 1309 auliaco
331 1246 464 1308 sumitur
493 1250 546 1308 aut
574 1241 674 1308 laudis
704 1251 756 1307 aut
788 1240 1025 1326 vituperationis
1053 1263 1156 1310 causa.
1201 1243 1317 1311 Laudis
1345 1265 1452 1316 causa,
1486 1243 1543 1310 sic:

217 1337 285 1402 lbat
305 1337 337 1403 iu
358 1337 515 1423 proelium
537 1358 673 1424 corpore
687 1335 769 1401 tauri
784 1334 987 1413 validissimi,
1010 1337 1129 1423 impetu
1142 1337 1242 1404 leonis
1256 1338 1404 1405 acerrimi
1420 1339 1542 1404 similis.

217 1431 476 1518 Vituperationis,
499 1431 587 1497 utin
609 1429 717 1496 odium
739 1438 793 1494 aut
813 1429 845 1494 iu
868 1428 1018 1495 invidiam
1039 1440 1092 1498 aut
1114 1433 1145 1498 iu
1168 1434 1434 1518 contemptionem
1448 1432 1547 1498 addu-

217 1534 274 1591 cat.
319 1529 357 1592 Ui
377 1530 409 1591 iu
431 1524 555 1601 odium,
579 1528 640 1590 boc
662 1528 773 1589 modo:
796 1528 858 1588 iste
881 1524 1022 1607 quotidie
1043 1526 1219 1609 periurum
1235 1527 1373 1593 medium
1387 1537 1545 1614 tamquam

216 1619 340 1685 iubatus
362 1618 457 1686 draco
480 1618 596 1706 serpit,
618 1617 763 1684 dentibus
786 1617 925 1694 aduncis,
949 1629 1075 1705 aspectu
1096 1619 1218 1695 rabido,
1241 1634 1395 1690 venenato
1417 1622 1543 1706 spiritu,

179 1712 478 1801 asciscumspectans
499 1719 562 1779 buc
584 1722 615 1778 et
635 1712 725 1788 illuc,
748 1712 775 1776 si
798 1733 891 1795 quem
914 1713 1070 1799 reperiat,
1093 1715 1144 1780 cui
1166 1715 1284 1798 aliquid
1307 1715 1381 1781 mali
1402 1715 1544 1781 saucibus

216 1806 340 1883 all'lare,
370 1826 464 1894 quem
486 1829 543 1874 ore
566 1807 735 1893 attingere,
764 1804 910 1872 dentibus
931 1807 1087 1882 iusccare,
1116 1808 1223 1893 lingua
1245 1830 1414 1895 aspergere
1435 1809 1544 1895 possit.

215 1901 306 1966 Utin
327 1901 478 1967 iuvidiam
500 1901 645 1976 adducat,
669 1901 730 1967 boc
750 1898 861 1965 modo:
895 1902 972 1976 Iste,
995 1902 1049 1987 qui
1071 1901 1194 1967 divitias
1215 1922 1287 1968 suas
1310 1907 1442 1977 iactans,
1465 1904 1544 1968 sicut

218 1994 323 2061 Gallus
338 2017 356 2060 e
370 1995 506 2084 Phrygia
522 2005 575 2062 aui
589 1995 707 2062 ariolus
728 1993 883 2081 quispiam
905 1994 1072 2080 depressus
1095 2005 1126 2060 ei
1147 2005 1295 2062 oneratus
1317 2017 1411 2070 auro,
1433 1996 1544 2061 clamat

216 2099 247 2154 et
267 2089 395 2155 deierat.
440 2090 531 2156 Utin
552 2087 833 2175 contemptionem,
863 2088 921 2154 sic:
946 2092 1024 2164 Iste,
1049 2090 1102 2174 qui
1124 2099 1282 2176 tamquam
1305 2091 1431 2158 cocblea
1464 2090 1543 2176 [abs-

177 2182 364 2269 rocoudens]
388 2192 520 2252 retentat
542 2205 612 2251 sese
633 2183 764 2259 tacitus,
798 2203 862 2270 quo
891 2182 932 2249 sit
956 2192 1040 2250 tutus
1071 2181 1152 2269 [cum
1175 2184 1271 2252 domo
1296 2207 1361 2262 sua,
1383 2193 1418 2251 ut
1439 2205 1543 2251 come-

216 2277 325 2354 datur,
351 2277 515 2363 auferturl.

299 2377 350 2438 63.
388 2371 512 2437 Effictio
542 2381 611 2450 est,
647 2393 718 2438 cum
747 2373 934 2454 exprimitur
963 2379 1058 2458 atque
1087 2370 1246 2457 effingitur
1266 2377 1372 2441 verbis
1399 2375 1540 2459 corporis

214 2470 386 2551 cuiuspiam
408 2469 527 2545 forma,
564 2470 667 2554 quoad
696 2468 770 2533 satis
799 2469 838 2531 sii
859 2470 899 2531 ad
921 2467 1177 2553 intelligendum,
1201 2471 1262 2534 boc
1283 2467 1400 2534 modo:
1438 2472 1538 2546 Hunc,

213 2563 356 2637 iudices,
381 2562 475 2639 dico,
509 2565 659 2638 rubrum,
683 2564 830 2637 brevem,
854 2564 1040 2637 incurvum,
1065 2582 1190 2637 cauum,
1228 2564 1449 2646 subcrispum,
1471 2584 1539 2628 cae-

177 2658 315 2733 assium,
340 2657 391 2722 cui
413 2677 487 2722 saue
509 2679 621 2742 magua
644 2658 745 2721 estin
766 2663 872 2722 mento
894 2656 1041 2733 cicatrix;
1076 2655 1103 2719 si
1125 2658 1306 2741 quomodo
1328 2666 1431 2740 potest
1451 2657 1540 2723 vobis

213 2754 247 2819 in
268 2754 453 2818 memoriam
476 2751 592 2817 redire.
638 2753 742 2816 Habet
774 2749 851 2815 baec
885 2751 1053 2815 exornatio
1086 2770 1157 2813 cum
1178 2750 1364 2825 utilitatem,
1397 2753 1541 2837 siquem

213 2850 292 2912 velis
314 2849 548 2921 demonstrare,
580 2852 646 2910 tum
675 2852 889 2920 venustatem,
923 2847 950 2908 si
978 2841 1116 2907 breviter
1145 2850 1176 2907 et
1206 2842 1341 2909 dilucide
1369 2845 1452 2909 lacta
1480 2853 1537 2909 est.

213 2945 250 3005 L.
275 2940 400 3006 Notatio
423 2947 487 3017 est,
512 2961 582 3005 cum
605 2938 735 3004 alicuius
758 2946 868 3002 natura
882 2937 976 3005 certis
990 2938 1179 3002 describitur
1194 2937 1306 3020 signis,
1332 2959 1427 3024 quae,
1450 2938 1541 3004 sicuti

213 3043 306 3099 notae
329 3038 498 3120 quaedam,
529 3041 659 3098 naturae
689 3040 761 3099 suut
782 3032 940 3098 attributa.
985 3035 1024 3098 ut
1050 3031 1078 3096 si
1105 3030 1183 3096 velis
1203 3053 1269 3095 non
1298 3030 1451 3110 divitem,
1486 3031 1541 3098 sed

177 3135 439 3200 mostentutorenn
470 3128 622 3212 pecuniae
651 3130 851 3192 describere:
886 3129 963 3202 lste,
996 3125 1139 3212 inquies,
1174 3123 1313 3200 iudices,
1347 3125 1402 3210 qui
1424 3147 1458 3190 se
1479 3128 1539 3191 dici

214 3225 343 3288 divitem
357 3230 446 3305 putat
460 3245 528 3288 esse
543 3220 756 3306 praeclarum,
779 3221 915 3307 primum
930 3239 1013 3286 nunc
1025 3219 1144 3293 videte,
1167 3239 1231 3304 quo
1246 3217 1334 3283 vultu
1348 3240 1407 3284 nos
1420 3219 1540 3285 intuea-

213 3328 275 3383 tur.
320 3322 430 3383 Nonne
445 3318 537 3382 vobis
552 3318 674 3381 videtur
688 3314 809 3380 dicere:
832 3319 963 3391 Darem,
980 3314 1007 3379 si
1020 3314 1098 3378 mihi
1113 3313 1237 3379 molesti
1250 3333 1315 3379 non
1331 3314 1457 3380 essetis:
1474 3318 1538 3376 -i

215 3417 291 3480 Cum
314 3434 389 3478 vero
411 3411 537 3477 sinistra
557 3418 698 3476 mentum
720 3406 880 3484 sublevat,
904 3407 1114 3474 existimatus
1136 3429 1278 3492 gemmae
1298 3407 1403 3473 nitore
1424 3416 1456 3472 et
1471 3410 1538 3472 auri

214 3506 382 3592 splendore
415 3513 558 3592 aspectus
590 3505 730 3568 omnium
762 3502 1004 3589 praestringere.
1052 3503 1129 3567 Cum
1152 3524 1283 3589 puerum
1305 3501 1434 3587 respicit
1455 3501 1538 3567 bunc

176 3622 328 3677 asianum,
364 3620 457 3688 quem
479 3621 538 3685 ego
560 3601 634 3665 uovi
657 3597 723 3682 (vos
744 3617 809 3662 uon
830 3594 978 3679 arbitror)
1003 3593 1167 3681 [novisse],
1201 3596 1263 3662 alio
1284 3596 1411 3661 nomine
1433 3596 1539 3682 appel-

217 3768 340 3779 ———

283 3844 310 3893 2.
331 3842 470 3892 obscurum
488 3839 525 3900 T,
544 3839 575 3890 L.
596 3865 624 3877 —
653 3839 679 3890 5.
699 3837 731 3889 V.
751 3836 895 3900 exemplum
913 3836 1094 3889 oei.videtur.
1132 3835 1200 3888 Vide
1218 3836 1268 3888 ito.
1287 3839 1411 3900 priorem.
1432 3837 1485 3888 Oa.
1505 3859 1538 3872 -

215 3913 241 3965 8·
260 3913 371 3964 scribere
389 3910 539 3961 PABFRT:
565 3910 724 3961 conscribere
744 3910 773 3959 it.
799 3933 827 3946 ·-
854 3909 897 3957 11.
917 3909 1011 3957 similis
1030 3921 1082 3957 om.
1100 3906 1160 3966 FR,
1181 3909 1255 3969 pun
1276 3916 1304 3959 et
1321 3922 1388 3959 corr.
1403 3908 1439 3969 P,
1459 3906 1539 3958 simili

215 3984 305 4048 pr.P,
324 3983 417 4032 similis
435 3982 549 4031 corna.
570 4002 602 4017 -
630 3980 673 4031 tt.
695 3987 801 4042 aspectu
819 3978 928 4037 rubido,
948 3985 1076 4029 uenenato
1093 3980 1192 4040 spiritu
1209 3978 1246 4027 Tc
1272 3986 1378 4043 aspectu
1395 3986 1538 4039 uenenato,

215 4056 312 4118 spiritu
324 4053 419 4103 rubido
432 4051 574 4102 PABFRE.
593 4077 626 4088 -
646 4051 688 4101 to.
708 4063 785 4113 quum
797 4062 842 4099 ors
854 4050 985 4112 attingere
999 4048 1152 4098 PABFRT:
1173 4060 1217 4098 ors
1229 4050 1358 4115 uittnqsrs
1375 4050 1440 4109 (om.
1452 4047 1536 4114 quam)

216 4139 276 4176 eum
294 4124 370 4174 Grut.
386 4129 413 4174 et
430 4121 542 4175 Graevio
563 4122 600 4180 it,
634 4125 680 4182 qui
700 4121 764 4172 baec
783 4121 960 4176 vv.seeiusit;
991 4121 1083 4171 eadem
1103 4120 1200 4172 delevit
1218 4119 1280 4169 Seli.
1308 4147 1336 4157 -
1370 4121 1538 4170 17.iuctuns

215 4197 275 4257 PR,
296 4194 349 4244 Eri.
371 4193 486 4244 Causbs
515 4196 600 4242 iuciot
618 4193 739 4242 ABFTE.
763 4217 790 4229 -
820 4189 863 4239 tit.
882 4192 912 4238 in
929 4192 1142 4251 contemptionem
1160 4189 1277 4240 adducet
1296 4190 1326 4240 ll.
1364 4190 1416 4241 Sed
1436 4198 1538 4241 nostro·

215 4282 273 4318 rum
292 4266 393 4323 nulius,
414 4269 461 4315 etsi
481 4268 551 4315 varie
570 4272 631 4313 suut
650 4267 782 4324 corrupti,
801 4261 842 4312 vel
856 4263 991 4310 minimum
1005 4262 1144 4323 vestigium
1158 4263 1266 4324 praebet
1279 4274 1303 4312 v.
1319 4259 1451 4321 adducat,
1472 4275 1537 4324 quo-

216 4342 284 4389 circa
304 4338 457 4388 delevimus.
479 4361 507 4371 -
529 4334 688 4384 abscondens
706 4346 758 4382 cm.
776 4332 851 4381 Letd.
867 4331 888 4378 i.
926 4331 979 4382 Nos
999 4333 1165 4382 seclusimus.
1188 4355 1219 4367 -
1238 4333 1282 4381 20.
1302 4332 1492 4381 retentoilitt:
1513 4338 1537 4382 et

215 4413 328 4459 retentat
346 4408 384 4468 Α,
403 4411 538 4456 retentans
559 4417 596 4466 pr.
612 4405 647 4462 P,
668 4410 692 4454 et
709 4411 844 4453 retentans
862 4402 927 4452 ΠΕ
948 4408 974 4452 et
993 4413 1060 4451 corr.
1077 4401 1107 4452 P.
1130 4426 1159 4439 -
1187 4415 1245 4451 cum
1264 4403 1339 4453 domo
1352 4426 1362 4437 -
1374 4426 1385 4436 ·
1403 4403 1536 4465 auserim]

216 4485 301 4529 totum
322 4479 372 4528 boc
391 4478 528 4527 ridiculum
548 4475 676 4526 emblema
695 4487 741 4523 nos
760 4475 928 4524 seclusimus.
965 4472 1070 4534 Inspice
1096 4472 1174 4523 modo
1199 4477 1337 4524 varietates
1364 4476 1390 4522 in
1412 4472 1536 4524 Graeviu-

217 4550 287 4600 Oud.
314 4557 394 4612 atque
420 4549 464 4599 bas
489 4555 650 4598 nostrorum:
682 4546 812 4608 quomodo
836 4550 865 4593 ut
891 4549 962 4592 tutus
979 4543 1034 4603 PF,
1062 4542 1246 4608 quoquomodo
1264 4545 1298 4592 sii
1316 4548 1389 4593 tutus
1408 4543 1446 4603 T,
1479 4558 1536 4593 eum

216 4622 294 4669 domo
312 4626 383 4669 totus
402 4620 440 4677 it,
461 4633 520 4669 cum
537 4620 614 4667 domo
630 4629 681 4665 suo
699 4629 750 4665 om.
764 4615 829 4664 PFll
848 4612 908 4676 (suc
925 4627 977 4665 om.
992 4612 1040 4677 ti),
1068 4622 1098 4665 ast
1116 4629 1168 4664 om.
1188 4614 1266 4667 PFT,
1287 4615 1430 4663 comeditur
1448 4615 1536 4675 euser-

214 4696 260 4740 tur
277 4691 315 4748 P,
346 4691 489 4741 comeditur
513 4695 538 4738 st
559 4689 681 4750 aufertur
703 4686 755 4735 FT.
782 4692 850 4747 (eum
868 4686 945 4733 domo
963 4697 1012 4733 suo
1030 4689 1099 4734 totus
1117 4691 1146 4734 ut
1164 4686 1314 4733 comedetur
1331 4685 1454 4747 colentur
1472 4685 1534 4735 add.

215 4774 283 4809 sorr.
298 4757 343 4821 a.)
365 4785 393 4795 -
413 4762 456 4809 ss.
478 4747 558 4824 atq'm
576 4756 725 4807 rssrnr:
746 4761 769 4806 a
788 4756 817 4805 u.
838 4777 868 4788 -
888 4755 931 4805 ss.
951 4754 1209 4827 maceramur:
1230 4756 1300 4817 qaas
1318 4754 1347 4802 s.
1371 4777 1399 4788 -
1429 4754 1473 4804 ss.
1495 4758 1535 4804 su-

216 4832 301 4886 dtces,
321 4831 379 4878 dico
399 4829 526 4879 Piil'lll':
554 4830 628 4882 dieo,
653 4829 748 4878 iudicer
765 4826 820 4876 Ait.
840 4849 872 4861 -
898 4824 941 4874 33.
961 4824 1108 4878 subiacebit
1125 4824 1248 4876 Pacui.
1269 4848 1297 4863 -
1321 4825 1485 4879 existimabit
1502 4828 1533 4878 Γ.

219 4925 250 4941 -
270 4899 313 4951 35.
332 4899 434 4951 neuim
452 4912 504 4951 om·
519 4899 585 4952 m
602 4905 629 4952 et
646 4911 687 4962 pr.
706 4899 740 4949 Δ.
775 4896 829 4950 llos
847 4893 1011 4947 seclusimus.
