3216 5400
161 239 226 304 aot
695 228 751 296 1)ss
773 227 961 298 ORATORE

161 398 334 485 particulae
356 394 435 463 caeli
457 392 653 463 officeretur.
675 392 819 476 quamvis
840 399 923 457 esset
936 391 1064 475 procul,
1087 390 1201 457 mutari
1216 393 1337 458 lumina
1352 400 1495 480 putabet.

163 496 236 560 181).
271 490 356 571 Quid
385 494 485 556 rerol
521 483 692 551 clarissima
720 487 772 550 18.
814 486 901 552 Curii
930 507 1023 551 eausa
1050 488 1210 571 Marcique
1232 489 1368 572 Coponii
1391 510 1496 577 nuper

160 591 245 675 epod
267 586 496 656 centumviros,
532 601 596 666 quo
629 600 786 646 concursu
806 579 987 658 hominum,
1017 602 1081 667 qua
1101 581 1339 666 exspectatione
1362 580 1494 652 deleusa

160 690 229 749 estt
267 703 339 748 cum
371 681 411 758 Q.
432 673 602 750 Scaevola,
638 675 778 760 aequalis
806 685 839 741 et
866 674 987 759 collega
1016 694 1121 748 mens,
1158 676 1256 740 homo
1289 677 1432 743 omnium
1460 688 1495 746 et

137 775 326 861 edisciplina
346 772 425 839 iuris
445 769 547 835 civilis
568 768 797 836 eruditissimus
818 779 851 835 et
871 768 999 853 ingenio
1025 767 1253 854 prudentiaque
1289 772 1492 840 acutissimus

159 879 193 937 et
211 868 357 936 oratione
377 863 516 932 maxime
539 864 665 928 limatus
697 872 793 952 etque
824 861 946 930 subtilis
977 872 1088 952 atque,
1116 872 1152 928 ut
1172 882 1232 947 ego
1254 864 1343 930 soleo
1365 865 1493 943 dicere,

159 965 238 1033 iuris
259 965 435 1047 peritorum
456 957 747 1043 eloquentissimus,
768 956 982 1047 eloquentium
1003 957 1082 1023 iuris
1103 957 1327 1043 peritissimus,
1350 983 1391 1027 ex
1414 965 1495 1028 scri·

159 1067 214 1147 pto
236 1061 494 1122 testamentorum
516 1053 588 1116 iura
608 1050 794 1119 detenderet
818 1065 1031 1139 negaretque,
1069 1051 1130 1117 nisi
1157 1061 1323 1139 postumus
1345 1063 1378 1120 et
1399 1066 1494 1124 uatus

160 1161 209 1227 et,
244 1159 413 1236 autequam
434 1150 467 1212 in
489 1166 578 1212 suam
611 1149 740 1213 tutelam
767 1149 908 1228 veniret,
941 1155 1085 1213 mortuus
1111 1156 1209 1222 esset,
1242 1146 1394 1216 heredem
1417 1173 1494 1220 eum

122 1265 229 1313 seesse
249 1263 362 1331 posse,
396 1243 452 1330 qui
473 1248 556 1306 esset
576 1243 749 1308 secundum
772 1252 953 1328 postumum
976 1250 1009 1307 et
1028 1251 1135 1307 natum
1158 1251 1190 1307 ct
1211 1251 1373 1310 mortuum
1394 1248 1493 1314 heres

159 1341 336 1416 institutus;
371 1356 433 1421 ego
461 1331 587 1420 [eutem]
619 1333 824 1402 defenderem
854 1340 914 1402 hac
942 1356 1015 1402 eum
1045 1334 1135 1422 [tum]
1159 1347 1262 1404 mente
1284 1337 1398 1416 luisse,
1435 1347 1494 1428 qui

159 1440 379 1500 tenementum
400 1431 544 1504 fecisset,
566 1436 619 1504 ut,
642 1428 670 1493 si
691 1427 774 1495 lilius
795 1451 860 1495 non
883 1440 984 1504 esset,
1007 1432 1062 1515 qui
1083 1432 1116 1495 iu
1136 1450 1225 1496 suam
1246 1435 1375 1498 tutelam
1403 1439 1493 1501 reui-

160 1537 227 1606 ret,
250 1531 301 1594 ll'.
323 1527 436 1592 Curius
456 1529 541 1588 esset
562 1525 665 1587 heres.
706 1527 787 1589 Num
809 1525 928 1590 destiu't
947 1534 1080 1610 uterque
1101 1530 1245 1590 nostrum
1266 1529 1300 1590 iu
1321 1547 1359 1592 ea
1381 1548 1490 1607 cause,

160 1625 193 1688 in
215 1618 469 1694 auctoritatibus,
491 1618 525 1681 in
547 1616 718 1703 exemplis,
749 1620 783 1683 in
805 1627 1063 1686 testamentorum
1084 1618 1245 1696 formulis,
1276 1619 1337 1686 hoc
1360 1633 1423 1697 est,
1456 1625 1492 1691 iu

123 1717 266 1783 asmedio
287 1715 357 1781 iore
379 1713 465 1779 civili
486 1713 627 1777 versari?
650 1714 717 1776 XL.
737 1715 808 1778 181.
832 1714 951 1778 Omitto
972 1715 1033 1779 iam
1055 1713 1143 1800 plura
1165 1713 1309 1801 exempla
1323 1736 1493 1785 causarum

159 1810 438 1896 amplissimarum,
476 1827 556 1894 quae
587 1816 662 1871 sunt
692 1808 951 1873 innumerabilia:
989 1807 1099 1894 capitis
1131 1811 1229 1873 nostri
1260 1830 1355 1898 saepe
1382 1822 1490 1899 potest

158 1907 303 1973 accidere
323 1911 360 1969 nt
378 1921 490 1969 caune
511 1909 677 1967 versentur
695 1903 729 1965 in
743 1900 824 1967 iure.
867 1903 991 1968 Etenim
1013 1904 1040 1966 si
1058 1902 1092 1965 C.
1107 1902 1303 1981 Mancinum,
1329 1904 1491 1973 nobilissi-

159 2022 246 2068 mum
267 2009 361 2087 atque
383 1997 535 2085 optimum
556 1997 660 2061 virum
673 2003 767 2080 atque
781 1995 995 2071 consularem,
1018 2017 1089 2061 cnm
1104 2015 1177 2061 eum
1191 2008 1322 2085 propter
1336 1999 1490 2069 invidiam

159 2093 340 2162 Numantini
360 2091 498 2159 foederis
518 2099 608 2178 peter
628 2098 767 2176 patratus
786 2110 827 2154 ex
848 2092 881 2155 S.
900 2091 935 2155 C.
951 2088 1149 2155 Numantinis
1163 2090 1336 2158 dedidisset
1350 2115 1490 2182 eumque

121 2189 205 2257 arilli
237 2210 303 2256 non
334 2187 529 2272 recepissent
560 2191 733 2271 posteaque
765 2184 926 2251 Mancinus
960 2188 1088 2250 domum
1118 2184 1294 2251 revenisset
1321 2208 1427 2273 neque
1455 2191 1491 2255 iu

160 2292 302 2352 senatum
323 2283 457 2350 introire
475 2283 665 2357 dubitasset,
689 2281 724 2344 P.
743 2279 894 2357 Rutilius,
917 2283 959 2346 ll.
974 2278 1074 2356 lilius,
1098 2278 1375 2367 tribunusplebis,
1397 2282 1491 2349 iussit

160 2381 269 2456 educi,
293 2382 377 2466 quod
400 2397 471 2443 eum
494 2375 595 2441 civem
616 2383 748 2458 negaret
768 2394 853 2453 esse;
875 2377 949 2462 quia
970 2375 1123 2441 memoria
1145 2373 1191 2439 sic
1212 2384 1296 2440 esset
1316 2376 1489 2463 proditum,

159 2493 253 2563 quem
283 2480 374 2560 pater
403 2493 478 2537 suus
506 2479 559 2536 aut
579 2472 716 2557 populus
737 2469 931 2536 vendidisset
952 2479 1005 2535 aut
1025 2478 1116 2556 pater
1136 2478 1277 2556 patratus
1299 2469 1488 2549 dedidisset,

159 2572 189 2636 ei
211 2571 333 2635 nullum
356 2589 425 2636 esse
446 2566 691 2651 postliminium:
729 2568 801 2631 188.
825 2586 918 2653 quam
940 2585 1107 2652 possumus
1129 2564 1272 2651 reperire
1286 2587 1326 2631 ex
1342 2567 1489 2635 omuibus

121 2683 149 2726 ss
159 2661 255 2730 rebus
277 2662 421 2730 civilibus
442 2682 567 2728 caumm
590 2663 888 2747 contentionemque
909 2663 1059 2726 maiorem
1089 2679 1183 2746 qnam
1213 2657 1251 2725 de
1280 2660 1409 2738 ordine,
1448 2661 1489 2728 de

158 2758 298 2834 civitate,
321 2757 360 2824 de
376 2754 536 2832 libertate,
559 2754 716 2840 decapite
737 2754 873 2821 hominis
895 2753 1085 2830 consularis,
1108 2757 1296 2836 praesertim
1320 2759 1490 2824 cumliaco

158 2873 221 2918 non
243 2854 277 2918 in
298 2852 430 2919 sumine
453 2850 576 2938 aliquo,
605 2854 690 2938 quod
712 2849 765 2917 ille
786 2858 893 2937 posset
913 2846 1057 2924 infitiari,
1081 2849 1137 2912 sed
1159 2846 1192 2912 in
1214 2847 1297 2914 civili
1319 2849 1389 2916 iure
1411 2871 1490 2917 cou-

158 2946 303 3013 sisteretl
340 2946 505 3036 Similique
525 2946 558 3013 in
584 2965 715 3031 genere,
750 2943 903 3010 inferiore
931 2943 1061 3017 ordine,
1095 2946 1121 3008 si
1144 2945 1215 3028 quis
1235 2947 1319 3027 apud
1340 2965 1399 3010 nos
1420 2966 1489 3011 ser-

158 3041 256 3107 visset
277 3064 318 3107 ex
339 3043 458 3129 populo
479 3039 644 3106 foederato
665 3060 796 3123 seseque
822 3041 988 3104 liberasset
1010 3046 1042 3103 et
1062 3045 1170 3123 postea
1193 3040 1322 3103 domum
1344 3041 1489 3106 revenis-

121 3144 223 3211 ssset,
260 3138 437 3223 quaesitum
465 3143 512 3200 est
541 3137 625 3221 apud
653 3134 789 3201 maiores
810 3142 954 3206 nostros,
986 3154 1062 3198 num
1085 3133 1112 3195 is
1133 3132 1171 3195 ad
1194 3152 1269 3197 suos
1290 3133 1486 3215 postliminio

158 3231 295 3296 redisset
326 3239 358 3297 et
389 3231 545 3295 amisisset
577 3233 658 3295 hanc
690 3230 858 3300 civitatem.
906 3230 976 3293 183.
1010 3223 1111 3304 Quid,
1148 3228 1188 3291 de
1217 3225 1382 3305 libertate,
1421 3249 1488 3314 quo

88 3326 93 3352 ¹
159 3321 309 3390 iudicium
338 3324 464 3412 gravius
495 3344 566 3389 esse
592 3325 714 3388 nullum
744 3328 863 3409 potest,
899 3342 1004 3387 nonne
1031 3342 1072 3385 ex
1094 3322 1162 3385 iure
1184 3321 1268 3387 civili
1289 3330 1487 3409 potestesse

159 3419 336 3494 contentio,
367 3439 438 3484 cum
462 3417 643 3506 quaeritur,
673 3419 719 3494 is,
749 3419 804 3504 qni
825 3416 945 3483 domini
968 3415 1129 3483 voluntate
1151 3437 1262 3483 census
1290 3420 1346 3495 sit,
1385 3421 1488 3484 conti·

228 3583 255 3631 1.
274 3583 320 3632 eto
337 3584 456 3647 quantots
482 3583 515 3634 8.
540 3605 567 3618 ·-
599 3582 625 3632 8.
644 3580 682 3634 11.
701 3581 734 3632 8.
755 3606 784 3619 -·
816 3588 841 3631 et
859 3579 997 3632 Marcili.
1019 3604 1050 3618 -
1082 3580 1110 3631 1.
1130 3593 1238 3645 comque
1255 3580 1381 3632 Scaevola
1399 3584 1431 3635 8.
1451 3609 1488 3621 -

158 3654 275 3703 οιιιιιιιιηι
286 3653 430 3703 dtttsslntus
442 3657 465 3702 st
478 3653 619 3715 disctpls'no
631 3652 662 3703 8.
679 3678 707 3690 -
729 3651 756 3701 8.
770 3651 878 3702 tuteloni
889 3665 965 3702 mom
977 3652 1011 3702 8.
1027 3678 1057 3689 -
1076 3653 1176 3702 reniret
1188 3651 1272 3703 Codd.
1287 3652 1418 3716 plerique,
1439 3655 1464 3705 ll
1476 3669 1485 3705 s

157 3724 270 3774 esntsset
283 3722 315 3773 8.
346 3721 417 3774 usu
431 3736 483 3774 uon
497 3724 588 3788 ltquet.
616 3722 713 3774 Varum
731 3722 875 3788 leqtttmoro
895 3735 970 3774 nsum
990 3729 1118 3773 monstrat
1137 3720 1218 3773 Galus
1235 3722 1264 3782 8,
1282 3722 1353 3773 tte:
1373 3724 1402 3776 St
1413 3726 1487 3791 fitius

157 3806 231 3846 mesta
241 3793 307 3844 ostii
323 3792 395 3844 leret
416 3796 466 3845 srtt
480 3799 505 3843 st
514 3796 592 3859 prior
603 3795 749 3854 moriatur,
770 3807 849 3858 quoni
861 3793 891 3841 a'n
902 3806 980 3843 sunna
992 3793 1104 3843 tutelone
1120 3794 1273 3852 oensrs't,
1293 3807 1365 3844 non:
1384 3798 1484 3847 emtut.

158 3863 258 3916 Eadem
276 3863 418 3915 dttdcultas
437 3870 479 3917 est
498 3866 530 3916 de
548 3865 606 3916 lnr.
625 3864 653 3923 8,
671 3860 701 3926 8.
716 3862 773 3928 88.,
794 3871 884 3915 eontra
902 3866 929 3914 lu
943 3864 1017 3914 Brott
1035 3860 1065 3926 §-
1079 3863 1141 3913 185.
1163 3866 1190 3913 tu
1209 3863 1301 3915 eedem
1321 3866 1431 3918 turmula
1445 3873 1487 3918 est

157 3936 279 3986 sanuses.
325 3934 445 3987 Fortasse
470 3934 581 3994 thero,
613 3944 643 3983 us
670 3947 751 3997 supra
778 3935 920 3999 altquottes
948 3937 1031 3997 tpsam
1051 3937 1114 3984 torte
1133 3931 1270 3985 termulam
1290 3940 1419 3996 rsttnutt,
1448 3940 1485 3990 lte

159 4008 265 4068 scrtpstt
293 4016 330 4055 rr
350 4018 423 4057 rrrr
452 4018 527 4067 orara
552 4019 582 4057 an
605 4018 677 4056 svers
703 4019 830 4057 avaras!
847 4018 986 4063 verrere,
1013 4005 1084 4057 unde
1110 4005 1214 4064 prottt,
1243 4007 1377 4067 quomodo
1396 4013 1485 4060 ortum

157 4080 192 4127 stt
208 4077 317 4127 osntrat.
336 4074 387 4128 Os.
408 4099 437 4112 -
470 4078 513 4127 ιιι.
533 4088 584 4127 esse
601 4090 656 4126 non
672 4089 748 4140 posse
764 4077 818 4128 88.
836 4102 868 4115 -
886 4079 930 4127 11.
951 4080 1038 4126 cutem
1056 4077 1077 4125 8
1097 4075 1210 4139 altique:
1229 4076 1403 4132 81881818,
1424 4080 1486 4131 ltcet

158 4145 232 4196 multt
251 4144 357 4207 Codd.,
376 4145 541 4199 oolssntotsns
554 4146 705 4198 Camarrrto
727 4155 833 4199 eustore
845 4148 876 4198 ll.
913 4147 966 4198 Nos
977 4145 1142 4199 seclusimus.
1158 4168 1189 4182 -
1205 4145 1253 4196 los
1270 4160 1328 4196 son
1349 4145 1414 4212 tom]
1434 4150 1485 4201 loa

159 4227 216 4266 essm
229 4215 265 4274 8,
284 4229 343 4267 enen
355 4217 404 4268 loe
416 4217 458 4276 8,
478 4231 536 4267 eum
548 4219 597 4268 noc
610 4223 666 4267 tuns
678 4216 763 4268 Codd.
777 4219 841 4282 attq.
867 4218 920 4270 llos
934 4226 1015 4269 tuma
1032 4215 1083 4268 Gn.
1099 4220 1125 4268 1.
1140 4216 1166 4266 8.
1186 4215 1271 4267 llern.
1291 4217 1317 4267 8.
1332 4217 1397 4269 cod.
1413 4219 1483 4273 Vtet.

159 4291 186 4336 et
197 4285 264 4336 Aldu
283 4292 408 4337 omtssuru
426 4288 592 4341 seclusimus.
609 4313 638 4326 -
659 4288 701 4338 18.
722 4291 746 4339 st
764 4291 787 4338 sl
804 4289 911 4355 filloslt
929 4288 1106 4340 81888.-
1123 4290 1152 4337 tn
1164 4301 1240 4337 soors
1252 4288 1361 4337 tutelam
1371 4289 1483 4342 Lamus

155 4355 186 4403 tn
199 4357 305 4406 tutelam
318 4357 404 4409 codd.
419 4363 490 4421 nott,
510 4359 567 4411 88.
587 4383 620 4399 -
638 4360 739 4409 ventres
763 4360 784 4409 8
807 4361 924 4423 alitque:
944 4363 993 4410 tret
1014 4359 1055 4418 ιι,
1074 4360 1186 4410 recusat
1207 4370 1265 4408 cum
1283 4358 1376 4410 Lamo.
1397 4361 1426 4411 8.
1448 4385 1484 4398 -

160 4424 204 4473 st.
224 4427 248 4474 st
266 4426 349 4478 codd.
370 4429 422 4491 al.,
442 4431 483 4481 R:
508 4432 546 4480 etc
565 4430 609 4480 88
628 4434 738 4490 tpuneto
756 4439 816 4483 aute
835 4444 875 4483 rr.
894 4443 975 4493 quoni
990 4442 1126 4492 possumus
1145 4427 1251 4492 postte).
1274 4456 1303 4467 -
1334 4431 1377 4481 18.
1402 4437 1484 4495 etqua

159 4505 232 4544 cons.
246 4494 329 4549 Codd.
349 4498 401 4549 sl.:
422 4514 454 4552 oc
472 4513 545 4552 cons.
566 4500 644 4551 888.
664 4499 730 4551 Cum
750 4501 834 4552 Codd.
854 4501 888 4551 al·
905 4501 1001 4552 delerit
1018 4500 1166 4550 Schutztos.
1185 4527 1212 4537 -
1235 4513 1293 4550 sunt
1306 4514 1358 4555 om.
1378 4501 1433 4552 88.
1453 4525 1484 4541 -·

159 4561 203 4611 18.
222 4565 332 4619 dederet
350 4568 380 4617 8.
403 4595 430 4607 -
459 4572 502 4624 80.
522 4574 633 4623 uenisset
652 4571 686 4621 8.
714 4570 775 4634 (Vr.
793 4577 935 4637 posteaque
950 4595 962 4607 ·
980 4597 991 4608 -
1008 4573 1148 4623 reaestuat
1165 4571 1318 4622 erctdernut
1337 4585 1368 4624 er
1388 4571 1431 4630 8.)
1449 4597 1482 4610 -

159 4630 204 4682 81.
223 4635 299 4684 tosstt
313 4639 332 4686 8
345 4639 462 4705 atttque:
481 4645 514 4694 de
530 4650 625 4693 senatu
641 4643 720 4692 tosstt
737 4644 792 4696 88.
807 4669 838 4680 -
857 4641 900 4692 83.
920 4642 1034 4693 dederet
1052 4642 1082 4692 8.
1097 4667 1131 4677 -
1147 4640 1192 4691 81.
1209 4641 1312 4692 nouum
1330 4656 1383 4692 oro.
1397 4644 1428 4693 8.
1449 4668 1482 4681 -

159 4700 203 4750 87.
223 4703 252 4754 ln
269 4718 322 4758 om.
342 4708 374 4758 8.
395 4737 425 4748 -
454 4714 538 4776 possit
561 4713 615 4764 88.
637 4738 666 4751 -
698 4716 865 4766 consisterent
883 4713 937 4764 88.
952 4737 983 4750 -
1002 4713 1047 4764 88.
1065 4714 1238 4777 inferioraque
1252 4713 1289 4770 u,
1309 4712 1483 4776 tnsers'ortqus

160 4770 192 4821 8.
209 4798 238 4809 -
258 4773 302 4823 88.
317 4781 341 4826 et
353 4777 437 4832 Codd.
456 4784 597 4836 meltores:
616 4797 648 4834 ue
660 4784 738 4835 888.
751 4808 778 4821 -
798 4784 841 4836 83.
861 4785 906 4847 qnl
924 4784 1030 4834 domurn
1045 4785 1145 4833 domtnt
1162 4780 1222 4845 (stc)
1240 4782 1380 4833 voluntate
1391 4796 1483 4833 censes

159 4844 212 4891 stt:
239 4844 264 4893 st
280 4858 333 4894 non
350 4852 483 4904 ameum
500 4855 634 4907 lustrent:
661 4856 729 4906 sttne
748 4856 813 4910 liber
830 4855 954 4907 continno
970 4867 1003 4907 ne
1019 4855 1077 4920 (etc)
1095 4867 1114 4906 o
1136 4852 1221 4905 snio
1245 4851 1337 4905 lustris
1358 4855 1481 4908 consen

160 4913 222 4983 ⁹⁹¹⁶
238 4914 308 4984 1884
324 4914 360 4969 R·
377 4917 425 4985 (ss
441 4923 463 4976 8
480 4925 546 4980 ιιιιιιι
562 4928 695 4992 rotetur.)
