3216 5400
167 229 228 298 170
622 301 625 308 ,
666 229 720 296 ult
741 227 986 297 INVENTIONE

165 397 252 467 mut,
287 397 319 457 et
344 393 418 476 quia
448 393 563 478 partim
591 397 717 457 veteres
745 395 832 465 sunt,
865 393 978 477 partim
999 409 1116 467 norae,
1148 393 1263 478 partim
1283 393 1324 458 ab
1346 391 1489 468 illorum,

163 487 279 573 partim
308 488 349 550 ab
377 495 486 552 nostro
515 483 669 552 beneficio
696 483 870 571 proiectae,
906 488 1021 572 partim
1049 486 1210 561 utiliores,
1245 489 1357 573 partim
1386 491 1490 555 minus
1595 568 1598 575 Ι

164 581 276 656 utiles,
314 603 355 646 ex
377 601 542 646 causarum
574 579 794 666 dignitatibus,
832 599 872 643 ex
901 586 1078 666 temporum
1109 582 1413 669 opportunitatibus,
1450 605 1491 647 ex

165 671 297 752 officiis,
321 697 361 741 ex
375 675 600 761 religionibus,
625 697 667 740 ex
691 675 897 740 vetustatibus
921 671 1100 740 habebitur.
1145 678 1223 740 LVl.
1246 675 1364 741 Utilitas
1386 684 1491 743 autem

142 776 221 839 saut
239 771 273 833 in
294 791 428 857 corpore
449 772 552 857 posita
573 777 696 835 estant
716 770 749 834 in
771 767 915 834 extrariis
936 772 1055 847 rebus;
1087 789 1220 854 quarum
1251 777 1356 836 tamen
1382 791 1491 839 rerum

164 865 264 929 multo
286 867 423 930 maxima
443 885 516 950 pars
538 868 578 931 ad
600 866 744 947 corporis
766 866 965 928 commodum
986 865 1174 939 revertitur,
1197 865 1287 930 utin
1308 866 1491 952 republica

165 961 319 1044 quaedam
340 966 427 1035 sunt,
451 979 531 1045 quae
553 956 598 1042 (ut
618 960 664 1024 sic
685 958 801 1036 dicam)
824 961 864 1022 ad
886 977 1001 1044 corpus
1015 960 1174 1044 partirent
1188 957 1339 1036 civitatis,
1363 964 1490 1044 utagri,

164 1060 295 1139 portare,
318 1053 473 1137 pecunia,
497 1053 624 1128 classis,
646 1059 777 1125 nautae,
799 1051 932 1127 milites,
956 1051 1049 1125 socii,
1072 1050 1187 1137 quibus
1209 1056 1305 1119 rebus
1326 1055 1492 1121 incolumi·

164 1155 262 1225 tatem
292 1168 329 1211 ac
356 1146 531 1216 libertatem
559 1150 694 1214 retinent
720 1147 883 1224 civitatesc
913 1145 993 1210 aliae
1023 1165 1118 1219 vero,
1153 1167 1234 1230 quae
1256 1148 1318 1213 iam
1341 1152 1490 1233 quiddam

129 1243 265 1328 somagis
293 1241 430 1329 amplum
458 1252 490 1308 et
516 1244 620 1309 minus
647 1242 858 1306 necessarium
886 1237 1073 1314 conficiunt,
1106 1247 1142 1303 ut
1167 1237 1256 1305 urbis
1289 1245 1414 1327 egregia
1437 1264 1492 1309 cx-

165 1337 289 1402 ornatio
322 1346 415 1422 atque
442 1336 629 1422 amplitudo,
665 1344 699 1400 ut
732 1336 887 1418 quaedam
922 1331 1078 1397 excellens
1105 1335 1259 1415 pecuniae
1294 1339 1489 1419 magnitudo,

165 1429 373 1508 amicitiarum
395 1450 431 1494 ac
448 1431 632 1495 societatum
646 1428 825 1495 multitudo.
873 1433 942 1493 109.
966 1425 1088 1506 Quibus
1103 1431 1199 1493 rebus
1215 1446 1279 1495 non
1294 1430 1371 1496 iliud
1387 1436 1491 1501 solum

166 1523 346 1600 coniicitur,
375 1532 411 1591 ut
432 1524 537 1589 salvae
558 1531 591 1588 et
611 1525 806 1601 incolumes,
836 1545 947 1591 verum
971 1526 1087 1599 etiam,
1121 1532 1158 1589 ut
1178 1524 1298 1611 amplae
1319 1534 1414 1611 atque
1434 1548 1494 1615 po-

165 1625 268 1684 tantes
289 1621 352 1686 sint
373 1621 523 1684 civitates.
568 1619 672 1696 Quare
693 1619 836 1686 utilitatis
858 1623 939 1687 duae
960 1627 1065 1705 partes
1087 1621 1233 1684 videntur
1254 1641 1341 1695 esse,
1371 1620 1494 1686 incolu-

129 1717 258 1780 asmitas
272 1722 304 1779 et
317 1716 467 1801 potentia.
510 1713 710 1779 Incolumitas
732 1722 781 1779 est
801 1713 909 1780 salutis
930 1721 998 1779 rata
1019 1722 1112 1797 atque
1134 1711 1256 1797 integra
1273 1716 1490 1795 conservatio;

165 1808 306 1896 potentia
327 1811 435 1874 estad
457 1827 512 1872 sua
535 1810 750 1873 conservanda
776 1815 808 1872 ot
834 1807 963 1873 alterius
985 1806 1157 1871 obtinenda
1177 1809 1363 1873 idonearum
1385 1831 1492 1875 rerum

165 1901 306 1968 facultas.
351 1905 453 1987 atque
476 1905 508 1966 in
531 1901 569 1967 iis
592 1904 758 1976 omnibus,
781 1910 955 1987 quaeante
977 1904 1168 1977 dictasunt,
1193 1901 1270 1986 quid
1286 1900 1356 1968 lieri
1370 1913 1402 1969 et
1417 1908 1493 1990 quid

166 1997 260 2063 facilc
282 1994 350 2060 fieri
372 1994 490 2083 possit,
525 2004 651 2083 oportet
672 1997 884 2062 considerare.
926 1995 1029 2060 Facile
1057 1993 1126 2061 lieri
1155 1998 1188 2060 id
1215 1998 1368 2075 dicimus,
1407 2005 1493 2084 quod

167 2090 234 2169 siue
263 2109 378 2175 magno
408 2097 461 2156 aut
488 2089 556 2155 sine
584 2093 651 2156 ullo
679 2088 808 2167 labore,
843 2098 988 2177 sumptu,
1024 2088 1167 2154 molestia
1188 2111 1282 2175 quam
1302 2091 1493 2160 brevissimo

130 2195 310 2271 sotempore
332 2182 443 2249 confici
457 2192 576 2272 potest;
598 2205 691 2271 posse
713 2194 818 2250 autem
839 2186 923 2261 fieri,
946 2183 1032 2270 quod
1046 2203 1234 2268 quamquam
1255 2185 1385 2262 laboris,
1410 2209 1494 2253 sum-

166 2288 254 2368 ptus,
275 2278 451 2354 molestiae,
473 2278 708 2364 longinquitatis
729 2278 850 2364 indiget
871 2288 965 2367 atque
986 2283 1041 2343 aut
1062 2299 1172 2343 omnes
1193 2287 1248 2344 aut
1266 2281 1418 2365 plurimas
1440 2292 1495 2348 aut

167 2373 318 2441 maximas
340 2393 449 2439 causas
471 2371 567 2439 babet
587 2371 798 2450 difficultatis,
832 2382 960 2450 tamen,
995 2370 1046 2437 bis
1066 2370 1218 2458 susceptis
1241 2371 1490 2455 difficultatibus,

168 2467 320 2554 compleri
342 2479 436 2552 atque
459 2471 498 2532 ad
521 2470 640 2533 exitum
663 2467 793 2554 perduci
815 2477 929 2555 potest.
1006 2523 1009 2527 .

183 2584 187 2589 ’
255 2565 325 2626 170.
347 2562 504 2639 Quoniam
526 2582 603 2645 ergo
624 2560 849 2628 dehonestate
871 2571 902 2628 et
916 2566 956 2629 de
970 2561 1102 2628 utilitato
1119 2560 1270 2639 diximus,
1292 2584 1375 2629 nunc
1389 2575 1493 2644 restat,

131 2664 203 2724 ssut
230 2655 270 2722 de
299 2655 339 2720 iis
367 2658 481 2732 rebus,
518 2678 596 2741 quas
623 2656 672 2721 bis
700 2653 863 2722 attributas
885 2679 955 2722 esse
985 2658 1166 2720 dicebamus
1198 2657 1428 2725 necessitudine
1464 2672 1496 2727 et

169 2751 359 2827 affectione,
383 2752 624 2838 perscribamus.
669 2753 763 2817 LVII.
801 2752 880 2815 Puto
902 2754 998 2837 igitur
1019 2771 1089 2815 esse
1114 2752 1195 2816 hano
1220 2752 1493 2831 necessitudinem,

168 2849 219 2915 cui
240 2848 326 2914 nulla
348 2853 380 2912 vi
402 2847 503 2912 resisti
525 2855 646 2930 potest,
673 2867 738 2931 quo
761 2866 797 2911 ea
819 2850 921 2912 secius
943 2844 992 2920 id,
1024 2848 1110 2929 quod
1137 2846 1241 2910 facere
1272 2855 1392 2932 potest,
1424 2870 1496 2935 per-

168 2941 272 3022 liciat3
306 2961 386 3026 quae
408 2962 511 3026 neque
533 2941 649 3007 mutari
669 2962 773 3026 neque
795 2941 887 3006 leniri
908 2948 1023 3027 potest.
1068 2942 1188 3024 litque,
1217 2949 1254 3005 ut
1275 2944 1412 3028 apertius
1434 2948 1495 3009 hoc

169 3036 227 3112 sit,
263 3034 414 3120 exemplis
442 3038 515 3100 licet
541 3038 605 3099 vim
633 3034 693 3109 rei,
730 3037 832 3120 qualis
860 3041 892 3098 et
916 3041 1030 3119 quanta
1059 3036 1121 3111 sit,
1159 3055 1396 3118 cognoscamus.
1441 3040 1495 3103 Uri

132 3145 263 3218 ³⁰posse
295 3132 422 3195 flamma
453 3130 588 3215 ligneam
622 3131 782 3195 materiam
815 3126 943 3193 necesse
975 3137 1032 3193 est.
1086 3130 1209 3193 Animal
1231 3129 1364 3195 mortale
1386 3127 1494 3217 aliquo

169 3234 312 3311 tempore
341 3227 473 3289 interire
498 3244 627 3290 necesse
657 3233 725 3302 est;
762 3232 856 3308 atque
884 3224 927 3288 ita
954 3241 1100 3298 necesse,
1137 3230 1173 3288 ut
1199 3221 1247 3288 vis
1274 3225 1414 3310 postulat
1443 3246 1493 3301 ea,

171 3340 264 3405 quam
286 3317 382 3385 modo
406 3317 685 3395 describebamus,
721 3315 971 3386 necessitudinis.
1013 3315 1203 3382 Huiusmodi
1226 3315 1493 3404 [necessitudines]

170 3434 241 3479 cum
268 3411 322 3497 [in]
346 3412 470 3479 dicendi
492 3418 629 3480 rationes
650 3411 804 3487 incident,
838 3420 923 3476 recte
952 3414 1199 3477 necessitudines
1230 3412 1493 3498 appellabuntur;

169 3509 218 3573 sin
240 3505 363 3590 aliquae
385 3527 435 3571 res
457 3507 599 3574 accident
619 3506 777 3580 difficiles,
801 3505 834 3570 in
853 3505 908 3570 illa
929 3508 1110 3591 superiore,
1133 3505 1273 3593 possitne
1288 3505 1374 3582 lieri,
1397 3528 1496 3592 quae-

133 3614 160 3657 ³⁵
170 3603 272 3673 dione
294 3599 572 3667 considerabimus.
619 3606 689 3668 171.
712 3603 814 3685 utque
834 3599 929 3664 ctiam
952 3601 1014 3664 hoc
1035 3599 1114 3665 mibi
1134 3602 1247 3665 videor
1268 3598 1391 3674 videre,
1426 3620 1496 3666 esse

100 3712 103 3719 ’
170 3697 322 3782 quasdam
343 3713 415 3760 cum
436 3694 636 3760 adiunctione
657 3692 924 3769 necessitudines,
959 3694 1111 3778 quasdam
1139 3694 1306 3778 simplices
1319 3704 1351 3759 et
1370 3695 1497 3761 absolu·

238 3905 266 3956 4.
286 3911 374 3955 autem
393 3911 441 3954 ant
458 3907 489 3954 in
504 3908 603 3955 nostris
619 3906 697 3957 rebus
714 3911 763 3958 aut
779 3908 809 3956 in
826 3918 936 3969 corpore
952 3904 1020 3957 Pur
1040 3906 1158 3970 altique,
1175 3918 1239 3957 saue
1259 3904 1333 3956 laiso·
1354 3929 1385 3941 -
1404 3905 1432 3956 5.
1452 3918 1497 3955 sc·

171 3979 264 4033 trustis
281 3976 327 4026 ΔΤ
345 3975 465 4038 altique:
492 3979 625 4028 extrancis
643 3977 687 4027 vlt
706 3986 733 4029 et
750 3990 818 4028 corr.
837 3976 874 4035 P,
903 3978 1046 4027 contrariis
1065 3990 1105 4039 pr.
1125 3976 1164 4038 P,
1191 3975 1347 4027 extrinsecis
1364 3975 1397 4025 ll.
1419 4001 1446 4013 -
1468 3978 1495 4028 8.

171 4048 279 4107 clanis,
299 4046 326 4096 td
345 4052 400 4102 est,
420 4059 499 4097 naves
518 4060 627 4108 omues,
648 4062 718 4111 quae
736 4055 798 4099 suat
817 4049 945 4105 clrltstts,
965 4047 1058 4097 Puuu
1077 4047 1175 4112 alitque
1194 4045 1332 4098 meliores:
1351 4046 1445 4097 classes
1464 4048 1494 4097 li.

175 4145 200 4157 -
223 4119 250 4169 0.
269 4117 339 4167 alies
358 4115 415 4175 PR,
447 4116 873 4170 Schot.voss.lt.tetd.1u.:
905 4118 1059 4169 ciiad'rll.
1087 4143 1120 4152 —
1151 4118 1194 4166 15.
1225 4123 1290 4166 rata
1315 4114 1403 4166 Scbol.
1423 4116 1494 4168 Oud.

171 4194 230 4254 lpso
249 4188 393 4251 probante:
414 4193 475 4237 tusc
492 4187 615 4240 sautu.
638 4214 667 4226 -
697 4189 741 4239 17.
761 4191 791 4238 in
808 4202 861 4239 om.
880 4186 959 4238 Pur.
981 4214 1010 4226 -
1041 4189 1104 4253 quid
1120 4188 1179 4253 fieri
1197 4186 1283 4247 PA'P,
1303 4186 1407 4237 Sobel:
1433 4190 1497 4250 quid

170 4263 229 4330 pm·
246 4259 350 4326 difficile
368 4257 409 4315 R,
428 4259 493 4319 quid
511 4258 651 4324 difficulter
667 4260 727 4325 ficri
744 4259 774 4308 E.
795 4282 827 4292 -
854 4259 898 4308 00.
915 4270 991 4322 possa
1009 4267 1098 4310 eutem
1115 4259 1153 4318 P,
1186 4257 1274 4308 schol.
1293 4257 1368 4307 voss.
1388 4258 1445 4307 li.s
1465 4274 1498 4311 ao

170 4337 260 4383 ntem
277 4329 342 4388 AT,
361 4328 466 4392 diffletis
483 4335 572 4379 autem
590 4331 645 4381 RE.
665 4355 699 4365 -
729 4330 773 4380 2¹1.
791 4334 892 4391 potest,
923 4341 975 4392 quo
992 4355 1002 4365 ·
1020 4353 1031 4363 ·
1047 4330 1187 4395 perficiat,-
1207 4341 1274 4393 quas
1290 4327 1358 4379 PdT
1376 4329 1495 4391 altique:

169 4406 276 4466 potest:
294 4412 361 4465 quac
380 4399 474 4449 mcdtls
494 4403 596 4451 omissis
615 4401 671 4451 RE.
693 4426 722 4437 -
743 4401 788 4449 29.
809 4399 925 4460 exempto
944 4399 984 4458 P,
1015 4399 1103 4451 Sebol.
1123 4400 1199 4451 Letd.
1221 4400 1242 4448 l.
1262 4424 1295 4434 -
1328 4398 1370 4448 ³0.
1390 4401 1498 4450 Animal

170 4471 282 4524 mortuis
300 4469 430 4521 orstttuss
449 4469 555 4522 Animal
573 4484 668 4536 corpus
683 4471 797 4520 mortuis
815 4471 904 4521 Sobel.
925 4469 1014 4531 Oud.,
1034 4471 1134 4533 corpus
1153 4470 1255 4521 animai
1272 4468 1386 4520 mutale
1405 4483 1444 4532 pr.
1464 4471 1496 4531 P,

172 4545 274 4605 corpas
291 4540 404 4591 mortuis
421 4539 442 4591 s
460 4553 521 4592 cum
538 4542 609 4593 auu
630 4547 657 4594 ct
675 4554 742 4592 cors.
762 4541 792 4590 P.
830 4540 908 4602 Quod
935 4542 1009 4604 prius
1034 4541 1121 4593 tuerat
1140 4540 1217 4604 gloss.
1238 4538 1432 4599 Christianum,
1463 4542 1498 4592 sb

171 4610 323 4664 bemtutbus
343 4613 425 4675 magts
445 4614 524 4664 ettam
544 4616 594 4675 pus
613 4625 675 4667 reso
693 4611 866 4663 substitutum
885 4618 934 4661 ast.
965 4636 997 4648 -
1028 4611 1072 4662 30.
1090 4607 1300 4674 necessitudinis]
1320 4610 1384 4662 Post
1401 4612 1451 4662 boc
1469 4627 1494 4664 r.

171 4686 199 4734 tu
217 4681 284 4731 PAT
303 4694 394 4732 rursus
414 4683 579 4735 inculcentur
597 4697 665 4737 ress.
684 4683 729 4733 2¹1.
748 4682 809 4732 Pb:
830 4683 871 4732 cui
887 4682 964 4732 nulia
976 4707 986 4718 ·
998 4705 1009 4718 ·
1021 4683 1104 4733 leniri·
1115 4688 1216 4745 potest,
1238 4684 1299 4732 tiam
1319 4685 1346 4732 tu
1365 4681 1430 4742 uu,
1449 4684 1497 4734 sed

172 4762 264 4804 sursus
283 4754 384 4802 omissts
402 4766 444 4804 rr.
464 4765 515 4816 quo
532 4768 565 4806 sa
577 4780 611 4792 ··
621 4754 752 4820 perficiet.
776 4752 831 4805 Nos
850 4752 1005 4803 delevimus.
1020 4777 1052 4790 -
1071 4754 1104 4805 V.
1122 4753 1326 4803 accusisediacs
1344 4759 1497 4814 suspectum

172 4823 237 4874 usn.
256 4825 381 4883 erpunru
399 4821 548 4875 schutstus.
584 4825 638 4880 Nos
656 4825 830 4887 sectustmus,
858 4826 920 4875 item
938 4836 964 4875 s.
983 4825 1022 4874 in.
1043 4849 1072 4863 -
1102 4822 1498 4890 sanctuariumque

172 4891 319 4945 Grouortts
337 4891 454 4945 insident
470 4893 552 4946 Vtut.
