3232 5392
623 215 701 279 sta.
725 216 766 280 11.
811 217 847 283 G.
869 219 902 283 3.
921 219 954 284 t.
1412 221 1452 285 ib

127 383 191 439 tam
213 375 375 458 nequiter,
415 375 551 438 eundem
579 375 642 440 boc
663 383 736 455 ,mm
758 394 925 462 perperam
947 377 1059 442 iecisse
1082 395 1146 440 non
1170 396 1238 442 csse
1262 378 1450 443 mirandum.

127 469 161 532 Si
182 470 386 534 vehementer
409 478 511 532 castus
534 475 567 533 et
587 467 708 552 integer
730 469 959 536 existimabitur
991 471 1209 546 adversarius,
1246 472 1330 536 dicet
1357 472 1451 548 facta,

126 584 190 628 non
212 564 328 629 famam
358 564 492 648 spectari
522 573 692 649 oportere3
731 567 820 630 illum
850 574 923 631 ante
952 567 1125 631 occultasse
1157 586 1214 629 sua
1244 568 1383 650 tlagitia3
1418 588 1453 632 se

126 659 254 744 planum
280 659 437 721 sucturum
466 660 506 722 ab
539 678 579 724 eo
601 657 790 724 maleficium
813 680 878 725 non
900 662 1022 725 abesse.
1066 660 1221 724 Defensor
1240 663 1376 746 primum
1398 663 1454 727 de·

126 754 316 816 monstrabit
337 754 433 818 vitam
455 754 632 837 integram,
656 755 683 818 si
706 756 844 839 poterit:
879 756 912 819 id
934 756 1046 820 sinon
1067 753 1206 840 poterit,
1231 754 1393 838 confugiet
1413 756 1476 820 ads

126 847 391 931 imprudentiam,
416 849 598 922 stultitiam,
621 849 876 924 adolescentiam,
900 849 976 924 vim,
999 851 1253 935 persuasionem
1278 850 1392 934 quibus
1414 851 1454 913 de

126 938 223 1005 rebus
255 942 445 1027 vituperatio
478 961 607 1017 eorum,
646 963 726 1027 quae
755 950 845 1006 extra
876 944 909 1007 id
943 944 1063 1007 crimen
1094 952 1207 1018 erunt,
1246 963 1310 1007 non
1340 945 1455 1007 debeat

126 1034 292 1119 msignari.
338 1034 392 1099 sin
424 1036 630 1099 vehementer
660 1033 798 1099 bominis
828 1039 1020 1122 turpitudine
1047 1039 1237 1124 impedietur
1259 1046 1290 1102 et
1311 1038 1451 1112 infamia,

126 1131 215 1212 prius
236 1127 325 1194 dabit
345 1149 497 1215 operam,
535 1136 572 1193 ut
602 1129 698 1193 falsos
727 1149 872 1196 rumores
902 1133 1069 1218 dissipatos
1100 1154 1169 1196 esse
1197 1134 1281 1197 dicat
1302 1135 1341 1197 de
1363 1134 1455 1195 inno·

127 1234 237 1300 cente;
273 1233 306 1289 et
335 1232 440 1287 utetur
474 1224 546 1287 loco
576 1224 757 1298 communi,
796 1228 975 1290 rumoribus
998 1227 1085 1290 credi
1106 1247 1171 1291 non
1193 1235 1353 1313 oportere.
1399 1227 1453 1290 Sin
1464 1242 1492 1285 tt

127 1319 206 1384 nibil
229 1339 341 1385 eorum
363 1315 432 1381 lieri
452 1317 591 1402 poterit,
616 1324 721 1381 utatur
743 1325 883 1383 extrema
906 1321 1113 1398 defensioue;
1138 1320 1239 1384 dicat:
1271 1341 1335 1385 non
1357 1342 1391 1384 se
1413 1322 1453 1384 de

127 1416 269 1480 moribus
302 1415 369 1478 eius
399 1414 482 1496 apud
514 1431 680 1487 censores,
718 1413 774 1475 sed
806 1415 846 1477 de
874 1415 1057 1479 criminibus
1086 1415 1336 1479 adversariorum
1370 1416 1454 1499 apud

127 1510 247 1573 iudices
269 1510 387 1572 dicere.
432 1508 484 1570 tv.
510 1509 542 1569 6.
568 1507 702 1573 Collatia
723 1514 791 1583 est,
825 1528 895 1571 cum
918 1516 1080 1573 accusator
1109 1510 1160 1584 id,
1199 1509 1283 1594 quod
1306 1510 1454 1572 adversa-

127 1606 208 1669 rium
230 1605 344 1669 iecisse
375 1603 581 1677 criminatur,
618 1602 671 1665 alii
698 1600 817 1667 nemini
839 1604 900 1667 nisi
923 1624 981 1669 reo
1004 1606 1089 1668 bono
1111 1603 1207 1667 fnisse
1239 1606 1451 1680 demonstrat;

127 1707 182 1763 aut
203 1700 298 1762 alium
321 1698 477 1762 neminem
500 1697 641 1782 potuisse
663 1694 815 1781 perlicere
835 1700 896 1762 nisi
919 1699 1150 1775 adversarium3
1182 1705 1236 1761 aut
1256 1718 1329 1761 eum
1351 1700 1453 1783 ipsum

126 1793 197 1856 aliis
218 1793 393 1857 rationibus
424 1798 480 1854 aut
507 1810 571 1854 non
600 1791 741 1875 potuisse
764 1799 818 1856 aut
840 1812 905 1856 non
927 1813 1027 1878 aeque
1050 1795 1214 1857 commode
1237 1794 1377 1878 potuisse
1400 1813 1439 1856 au

127 1909 201 1952 eum
233 1888 351 1971 fugisse
387 1883 465 1949 alias
501 1884 640 1947 rationes
674 1887 904 1950 commodiores
943 1894 1075 1969 propter
1109 1887 1323 1968 cupiditatem.
1383 1886 1453 1948 lloc

126 1983 199 2045 loco
233 1981 382 2045 defensor
414 1982 610 2043 demonstret
642 1988 769 2061 oportet
801 1989 856 2047 aut
887 1980 958 2046 aliis
993 2002 1120 2067 quoque
1152 1983 1239 2045 bono
1269 1980 1365 2043 fuisse
1399 1985 1454 2042 aut

127 2077 207 2140 alios
228 2095 355 2161 quoque
377 2076 429 2148 id,
467 2075 551 2158 quod
573 2074 641 2159 ipse
663 2073 883 2150 insimuletur,
917 2075 1022 2140 facere
1043 2075 1195 2159 potuisse.
1241 2075 1370 2158 Signum
1392 2080 1451 2147 est,

128 2190 185 2255 per
206 2172 292 2256 quod
314 2170 491 2234 ostenditur
513 2170 628 2232 idonea
649 2168 834 2253 perficiendi
853 2170 987 2234 'facultas
1016 2190 1085 2233 esse
1107 2166 1260 2254 quaesita.
1316 2169 1351 2231 ld
1375 2168 1492 2232 divi-se

128 2264 212 2329 ditur
232 2265 266 2327 in
287 2272 392 2348 partes
413 2285 492 2327 sex:
517 2264 643 2337 locum,
668 2271 810 2348 tempus,
835 2266 993 2349 spatium,
1023 2263 1240 2336 occasionem,
1271 2281 1360 2348 spem
1382 2281 1455 2348 per-

128 2357 278 2433 ficiendi,
316 2378 406 2443 spem
427 2356 561 2423 celandi.
607 2360 639 2420 7.
672 2359 775 2421 Locus
808 2359 987 2443 quaeritur,
1025 2356 1183 2431 celebris,
1220 2375 1261 2418 an
1289 2358 1452 2433 desertns3

128 2472 251 2538 semper
273 2454 438 2528 desertus,
475 2474 515 2518 an
545 2460 634 2527 turn,
670 2473 740 2515 curu
770 2449 803 2515 id
824 2452 942 2516 iactum
963 2455 1025 2527 sit,
1055 2451 1204 2515 fueritin
1225 2470 1265 2514 eo
1286 2451 1358 2515 loco
1380 2451 1454 2514 soli-

128 2550 228 2625 tudo;
252 2565 361 2621 sacer,
382 2566 423 2611 an
443 2544 615 2634 profanus,
638 2547 802 2631 publicus,
825 2567 864 2610 an
886 2549 1027 2629 privatus
1048 2543 1162 2623 fuerit3
1195 2543 1370 2609 cuiusmodi
1392 2541 1454 2609 loci

127 2643 299 2725 attingant3
334 2660 427 2717 num,
462 2643 517 2726 qui
547 2642 622 2726 qnid
652 2650 701 2705 est
727 2662 859 2727 passus,
893 2648 1075 2727 perspectus
1105 2647 1159 2703 aut
1186 2641 1351 2704 exauditus
1383 2656 1491 2702 essars

126 2737 237 2822 possit.
296 2736 419 2799 llorum
441 2737 516 2822 qnid
539 2756 616 2809 reo,
650 2735 724 2821 quid
747 2737 922 2800 accusatori
945 2736 1133 2810 conveniat,
1168 2734 1365 2819 perscribere
1387 2753 1453 2796 non

128 2849 345 2916 gravaremur,
369 2828 429 2894 nisi
450 2829 543 2894 facile
566 2830 670 2914 quivis
693 2850 787 2894 causa
808 2832 912 2915 posita
933 2837 1041 2915 posset
1061 2829 1211 2892 iudicare.
1254 2827 1347 2891 lnitia
1368 2827 1454 2890 enim

127 2922 319 2991 inventionis
350 2928 390 2989 ab
423 2933 490 2989 arte
513 2927 631 2989 debent
660 2922 838 3010 proficisci;
876 2933 981 2989 cetera
1002 2925 1094 2989 lacile
1118 2924 1311 3009 comparabit
1333 2921 1454 2985 exerci-

127 3022 217 3085 tatio.
262 3023 399 3106 Tempus
421 3020 464 3084 ita
487 3021 665 3104 quaeritur:
690 3019 713 3100 i
736 3039 798 3104 qua
819 3027 907 3104 parte
930 3021 1022 3096 anni;
1057 3039 1119 3105 qua
1140 3020 1243 3096 hora;
1268 3027 1387 3093 noctu,
1411 3038 1454 3082 au

126 3115 286 3193 interdiu;
311 3135 373 3203 qua
395 3115 476 3189 diei,
501 3135 562 3199 qua
583 3113 685 3177 noctis
707 3114 787 3177 bora
809 3111 925 3179 factum
947 3135 1017 3178 esse
1040 3115 1160 3177 dicatur
1181 3119 1214 3176 et
1228 3133 1284 3176 cur
1299 3112 1491 3180 eiusmodise

127 3211 334 3296 temporibus.
381 3210 520 3293 Spatium
543 3210 586 3272 ita
609 3209 882 3284 considerabitur,
914 3210 1030 3273 satisne
1051 3209 1183 3292 longum
1203 3207 1300 3271 inerit
1321 3210 1361 3272 ad
1384 3227 1454 3272 eam

127 3323 195 3368 rem
221 3300 496 3389 [transigendam];
521 3304 687 3378 scieritne,
721 3305 795 3367 satis
818 3306 858 3368 ad
880 3304 911 3366 id
933 3300 1159 3387 perficiendum
1186 3303 1276 3387 spatii
1298 3302 1451 3367 futurum.

127 3400 207 3462 Nam
237 3401 328 3486 parvi
360 3398 458 3462 relect
483 3396 558 3461 satis
587 3396 679 3482 spatii
709 3398 806 3463 fuisse
841 3395 946 3482 [adid
967 3394 1230 3482 perficienduml,
1269 3397 1295 3460 si
1326 3395 1359 3460 id
1381 3404 1454 3460 ante

110 3493 201 3556 ‘sciri
223 3502 256 3558 et
277 3494 399 3572 ratione
421 3493 581 3577 provideri
596 3512 660 3555 non
678 3493 792 3577 potuit.
838 3492 969 3556 Occasio
986 3493 1164 3575 quaeritur,
1187 3491 1344 3555 idoneane
1357 3492 1455 3555 tuerit

127 3588 167 3652 ad
190 3607 258 3652 rem
280 3585 504 3662 adoriendam,
540 3606 581 3649 an
609 3585 671 3648 alia
699 3584 833 3662 melior,
868 3605 949 3672 quae
979 3593 1034 3650 aut
1060 3583 1229 3673 praeterita
1251 3583 1292 3649 sit
1312 3592 1367 3649 aut
1387 3605 1496 3653 nonas

199 3824 225 3876 1.
244 3824 313 3876 bunc
330 3822 390 3881 PF,
409 3823 440 3874 i..
461 3821 604 3876 Geren·
634 3822 662 3873 d.
682 3824 714 3873 de
730 3828 755 3873 et
773 3822 800 3873 ’1.
819 3835 874 3873 non
891 3823 989 3874 detertt
1005 3823 1070 3876 seb.
1099 3822 1176 3875 Nunc
1193 3836 1247 3875 non
1266 3826 1404 3876 essenttor.
1420 3850 1451 3863 -

130 3896 173 3948 11.
192 3908 282 3947 eorum
299 3895 429 3955 PBTRT,
448 3894 488 3945 L:
508 3895 601 3944 borum
619 3894 676 3945 ΑΒ.
697 3918 729 3929 -
761 3892 833 3944 dunt
845 3893 997 3945 Passus:
1017 3901 1042 3945 et
1059 3895 1130 3945 dicat
1149 3896 1181 3946 n.
1201 3920 1230 3934 ·-
1264 3896 1308 3945 ta.
1334 3896 1380 3948 ted
1398 3907 1451 3947 om.

129 3968 184 4018 AB·
203 3992 235 4003 -
265 3967 309 4018 14.
329 3967 480 4018 bonoTet
498 3979 537 4028 pr.
558 3966 598 4023 T,
618 3965 658 4026 L,
679 3963 773 4016 Graes.
793 3966 876 4017 seb:
909 3966 1005 4016 bonum
1022 3966 1132 4027 reos,
1152 3979 1221 4017 corr.
1242 3965 1284 4027 T,
1304 3967 1335 4016 n.
1355 3991 1389 4002 -
1407 3966 1451 4017 17.

130 4039 248 4104 effugisse
265 4037 297 4087 3.
317 4035 393 4087 drot.
410 4062 439 4074 --
460 4037 521 4085 tilae
533 4035 640 4095 PAFT,
662 4033 757 4087 Greer.
772 4061 805 4072 -
823 4037 866 4086 25.
887 4039 933 4099 qna
950 4038 1014 4100 quid
1034 4044 1071 4087 eet
1084 4037 1126 4096 ll,
1145 4043 1174 4088 ut
1192 4040 1261 4088 cont.
1282 4035 1451 4087 dedissem:

129 4109 176 4173 put
192 4111 230 4158 est
248 4107 303 4157 llll.
331 4107 403 4169 (num
427 4108 492 4170 guid
516 4112 554 4157 cet
570 4113 664 4170 pectus
681 4106 721 4165 P,
752 4107 901 4171 numquid
923 4109 1058 4168 patrueli
1081 4115 1108 4158 et
1130 4120 1170 4169 pr.
1190 4111 1223 4170 A,
1247 4121 1310 4157 num
1330 4109 1394 4170 qutd
1415 4110 1454 4155 est

127 4192 224 4243 pessus
241 4191 310 4230 corr.
329 4179 372 4237 b,
401 4191 465 4227 num
483 4179 548 4241 preld
565 4180 611 4241 qut
630 4184 666 4227 eet
683 4190 778 4240 patrue
797 4175 841 4241 T.)
859 4201 892 4212 -
922 4183 971 4228 out
989 4190 1041 4228 cm.
1061 4179 1137 4228 PFR.
1162 4203 1197 4214 -
1226 4178 1270 4228 20.
1291 4179 1377 4230 Locus
1397 4190 1454 4228 cor·

131 4257 235 4312 ruptus.
271 4248 428 4300 Nostrorum
447 4247 530 4298 Codd.
551 4252 661 4299 variates
680 4249 745 4298 baec
765 4255 822 4299 ests
841 4262 894 4313 quc
911 4250 977 4300 eunt
992 4255 1070 4311 parte
1089 4249 1126 4308 B,
1146 4251 1208 4312 quid
1227 4250 1292 4299 aaut
1309 4248 1340 4298 P.
1360 4274 1389 4286 -
1416 4261 1454 4298 aa

131 4333 173 4370 om
189 4320 219 4369 1².
242 4343 271 4354 -
291 4319 335 4368 30.
355 4319 472 4370 interdiu
490 4326 513 4369 et
531 4333 584 4384 gua
600 4318 641 4371 dte
659 4325 741 4382 quoto
757 4319 824 4369 bora
841 4320 940 4383 {ectum
955 4319 999 4369 PT
1018 4318 1134 4385 (quantit
1145 4321 1216 4370 boris
1234 4333 1285 4382 mg.
1300 4316 1351 4383 T),
1371 4321 1453 4369 tuter·

130 4391 176 4441 dtu
209 4388 276 4452 (cum
302 4389 364 4441 edd.
391 4386 473 4451 corr.)
500 4395 525 4440 ct
548 4403 602 4451 quo
631 4389 683 4438 diu·
714 4396 797 4454 quoto
828 4390 896 4440 berc
930 4392 1032 4455 fectum
1056 4395 1096 4452 Α,
1125 4390 1245 4440 interdiu
1279 4395 1304 4438 et
1328 4403 1381 4454 quo
1411 4389 1453 4441 du

131 4474 183 4524 pue
211 4461 298 4513 nouis
327 4460 394 4512 bero
420 4459 520 4522 {octauo
538 4460 578 4520 Β,
609 4461 728 4511 interdiu
756 4474 810 4525 quo
841 4460 883 4510 die
908 4468 989 4524 quota
1012 4463 1078 4514 doro
1100 4463 1200 4526 fectum
1221 4459 1259 4519 T,
1288 4461 1404 4510 interdiu
1426 4468 1453 4513 et

131 4545 185 4597 guo
204 4532 246 4582 die
272 4537 354 4597 quote
377 4532 447 4581 bora
472 4532 575 4594 suetum
595 4531 629 4582 ll.
678 4528 719 4594 (ln
741 4530 762 4581 P
788 4539 870 4595 quoto
896 4540 1042 4583 correctum
1068 4539 1108 4582 est
1134 4531 1167 4582 eb
1194 4530 1287 4582 eedem
1312 4544 1392 4582 manu
1420 4545 1453 4584 es

131 4608 243 4665 quante.
271 4602 337 4653 bore
364 4617 395 4655 ex
417 4599 519 4663 borae.)
539 4624 567 4637 -
601 4603 645 4652 31.
665 4602 873 4652 emrtderactmr
894 4602 1022 4653 PBFRT:
1054 4603 1235 4653 consideratur
1260 4601 1317 4650 ΑΕ.
1344 4627 1375 4637 -
1406 4601 1450 4653 31.

130 4685 185 4725 rem
201 4673 419 4737 transigendam
447 4673 567 4723 ectert‘tne
586 4677 652 4723 eatis
677 4673 700 4721 t
727 4678 754 4723 et
773 4685 840 4723 corr.
860 4672 903 4724 ll:
933 4687 989 4723 rem
1010 4671 1231 4737 tronetpmdcmf
1261 4677 1286 4720 et
1300 4674 1453 4735 potueritne

131 4746 274 4796 adsecutis
293 4744 333 4799 ll,
353 4756 420 4794 rem.
440 4742 725 4794 mouumentum
747 4750 773 4795 et
791 4756 830 4804 pr.
849 4743 892 4803 ll,
909 4756 966 4794 rem
983 4742 1183 4807 transigendam
1200 4749 1224 4792 et
1244 4745 1365 4794 actorum
1386 4747 1453 4794 rotie

131 4814 162 4864 3.
200 4814 233 4868 V.
252 4815 448 4881 transigendam
466 4814 630 4866 seclusimus.
661 4839 690 4851 -
719 4812 762 4864 33.
783 4815 833 4867 Vr.
854 4815 890 4864 cd
906 4813 1215 4879 superascenderunt.
1238 4825 1331 4877 stersus¹
1354 4814 1455 4867 babent

132 4889 232 4952 nostru
252 4888 377 4941 omittunt
394 4886 449 4939 duo
467 4885 560 4950 Ond.‚;
579 4885 705 4950 expunxit
722 4885 807 4947 Scb.;
825 4897 873 4938 nos
891 4886 1057 4940 seclusimus.
1079 4905 1108 4920 -
1128 4881 1173 4936 35.
1193 4884 1373 4938 adoriundum
1390 4886 1424 4938 lt.
