3232 5392
161 147 204 211 ³⁰
667 145 720 210 AD
743 145 990 211 HERENNIUII'

163 306 242 369 Item
271 302 420 370 vitiosum
447 311 495 369 est
523 302 625 390 ipsum
656 301 715 368 sibi
736 304 769 370 in
790 326 846 370 sua
867 305 1011 372 oratione
1033 303 1199 371 dissentire
1228 311 1260 372 et
1289 316 1401 372 eontm
1433 323 1492 380 ea,

163 419 244 484 quoe
266 409 338 465 ante
362 398 489 476 dixerit,
512 397 635 473 dicere,
661 402 723 465 laoc
744 404 855 465 modo:

249 539 320 621 Quo
338 562 432 606 causo
453 561 587 605 ocensem
606 542 699 616 lune,
722 549 785 604 tum
806 541 838 604 id
858 543 1028 624 exputando
1049 543 1178 606 evolvere
1180 587 1297 609 .....
1305 544 1322 606 i
1344 569 1384 585 ·-

248 637 327 699 Nom
347 638 376 699 si
395 644 529 710 veretur,
552 636 623 717 quid
644 655 710 699 eum
731 655 881 712 monem,
904 640 956 720 qui
977 645 1020 701 ost
1036 637 1175 720 prodor?

142 742 154 780 ⁵
248 731 305 793 Sin
325 731 552 794 innectendum
572 732 669 794 animi
688 732 841 812 inpertiam
856 732 1005 813 possidet,

155 904 157 906 Ι
251 825 332 902 Quid
352 845 418 889 eum
438 845 589 898 aestuem,
612 826 664 908 qui
684 825 717 888 id
731 826 826 907 porei
845 826 953 888 ouditst
973 825 1143 889 existimet?

163 968 293 1031 xxvtt.
317 968 386 1030 Non
407 965 605 1031 incommoda
626 964 748 1030 radone
770 963 895 1031 videtur
915 964 974 1030 sibi
996 966 1185 1043 ostendisse,
1222 986 1322 1054 quare
1351 986 1415 1034 nou
1440 987 1491 1034 ne·

161 1067 297 1125 eusaret
343 1059 446 1137 Quint
469 1069 578 1147 postea
600 1059 676 1147 quid
696 1059 760 1125 aitt
783 1080 838 1125 -ε

239 1201 334 1266 'Nune
355 1221 407 1283 epo
428 1209 455 1264 te
476 1203 513 1264 ob
534 1223 648 1265 mommo
669 1204 732 1267 inm
752 1203 890 1267 detexam
912 1203 1050 1266 exordio.

127 1357 154 1397 1⁰
163 1345 215 1408 te.
240 1344 317 1406 Item
339 1341 487 1408 vitiosum
510 1350 573 1418 est,
597 1343 682 1428 quod
697 1342 811 1410 dieitur
825 1352 933 1410 eontra
949 1341 1060 1408 iudicis
1074 1341 1267 1408 voluntatem
1288 1353 1342 1410 nnt
1363 1366 1489 1421 eorum,

163 1440 217 1523 qui
239 1435 383 1511 audiunt,
414 1436 440 1501 si
463 1445 517 1502 aut
537 1447 659 1523 partos,
688 1436 805 1524 quibus
825 1437 871 1502 illi
893 1437 1033 1510 student,
1067 1445 1121 1503 aut
1141 1437 1304 1514 homines,
1343 1460 1422 1526 quos
1444 1439 1490 1504 illi

163 1551 253 1595 caros
286 1532 416 1606 habent,
453 1530 616 1597 laedantur
642 1542 695 1597 eut
726 1533 832 1620 ailquo
861 1530 1042 1597 huiusmodi
1068 1530 1147 1596 vitio
1175 1530 1317 1597 laedatur
1337 1530 1490 1598 auditoris

162 1624 316 1690 voluntas.
359 1627 438 1690 Item
460 1626 606 1691 vitIosum
629 1634 760 1691 estnon
783 1648 892 1692 omnes
914 1648 964 1694 res
993 1625 1194 1701 confirmare,
1228 1647 1306 1712 quas
1331 1627 1490 1714 pollicitus

162 1719 205 1784 sis
226 1718 258 1784 in
281 1719 490 1805 expositione.
532 1724 610 1785 Item
633 1719 803 1786 verendum
827 1730 888 1794 ost,
910 1742 950 1786 ne
972 1725 1012 1785 de
1034 1720 1094 1784 alin
1114 1739 1151 1785 re
1173 1720 1313 1796 ditatur,
1335 1740 1407 1786 eum
1429 1721 1490 1786 alia

124 1813 203 1879 rode
223 1834 259 1879 re
281 1814 495 1879 controversie
516 1814 569 1893 sit;
593 1813 687 1902 inque
709 1815 891 1881 huiusmodi
914 1814 990 1879 vitio
1012 1812 1273 1879 considerandum
1295 1823 1359 1891 est,
1382 1835 1422 1880 ne
1436 1823 1491 1880 aut

165 1907 294 1973 adrem
316 1905 448 1973 addatur
469 1908 545 1992 quid
567 1918 621 1972 aut
642 1906 800 1994 quidpiam
823 1912 861 1973 de
882 1928 918 1972 re
943 1908 1125 1973 detrahatur
1145 1917 1204 1972 ant
1220 1916 1284 1972 tota
1307 1927 1399 1974 eausa
1423 1930 1491 1974 mu-

163 2011 225 2067 uta
254 2001 287 2067 in
317 2001 408 2066 uliam
437 2021 564 2066 causam
595 2001 772 2081 derivetur;
809 2002 855 2068 uti
884 2001 968 2088 apud
996 2001 1164 2067 Pacuvium
1187 2005 1302 2067 Zethum
1323 2023 1394 2068 eum
1417 2007 1491 2068 Am-

162 2095 300 2183 phione,
333 2115 467 2181 quorum
490 2095 704 2162 controversia
727 2118 797 2163 eum
820 2103 860 2163 de
881 2097 998 2162 musica
1023 2097 1150 2163 inducta
1176 2096 1232 2173 sit,
1264 2094 1435 2182 disputatio
1457 2096 1490 2162 iu

162 2189 335 2276 sapientiae
364 2189 519 2255 rationem
549 2199 581 2254 et
608 2190 732 2257 virtutis
761 2190 924 2256 utilitatem
952 2200 1196 2258 consummatur.
1240 2194 1318 2256 Item
1347 2189 1491 2257 conside·

124 2283 297 2349 meandum
318 2292 379 2358 est,
416 2305 455 2350 ne
482 2284 567 2350 aliud
593 2285 782 2350 accusatoris
803 2284 981 2350 criminatio
1003 2286 1175 2359 contineat,
1207 2284 1292 2352 aliud
1313 2282 1490 2350 defensoris

162 2381 244 2445 ratio
265 2386 397 2462 purget3
421 2377 506 2464 quod
527 2397 621 2465 saepe
643 2381 786 2446 consulto
808 2379 896 2446 multi
917 2377 957 2444 ab
978 2398 1036 2445 reo
1052 2379 1184 2453 iaciunt,
1207 2379 1359 2464 angustiis
1377 2397 1490 2446 causae

160 2476 282 2549 eonoti3
310 2472 374 2548 uti,
396 2473 423 2538 si
445 2473 531 2560 quis,
554 2494 625 2539 eum
647 2484 811 2541 accusetur
831 2471 950 2539 ambitu
972 2472 1186 2556 magistratum
1209 2473 1338 2559 petisse,
1368 2471 1407 2538 ab
1431 2473 1491 2538 im·

162 2563 362 2653 peratoribus
383 2587 611 2654 saepenumero
635 2589 669 2634 se
690 2567 774 2655 apud
795 2567 968 2632 exercitum
989 2565 1137 2632 donatum
1156 2587 1225 2631 esse
1240 2565 1332 2631 dieat.
1378 2569 1449 2631 IIoo
1462 2563 1490 2632 si

162 2659 330 2746 diligenter
351 2662 383 2726 in
405 2661 548 2728 oratione
570 2661 824 2728 adversariorum
846 2658 1137 2734 observaverimus,
1159 2680 1253 2746 saepe
1275 2658 1492 2746 deprehende·

125 2773 153 2815 ss
164 2776 235 2821 mus
260 2754 304 2841 [et
324 2755 356 2822 in
379 2755 557 2822 huiusmodi
579 2756 829 2843 deprehensione
851 2754 1081 2839 ostendemusl,
1110 2775 1181 2831 eos,
1209 2754 1249 2820 de
1273 2752 1332 2839 [ea]
1356 2775 1392 2819 re
1413 2754 1491 2842 qnid

165 2849 283 2927 dionnt,
307 2870 371 2916 non
393 2854 521 2915 lubere.
563 2853 617 2915 tt.
640 2854 718 2917 Item
740 2849 888 2915 vitiosum
911 2859 959 2915 est
979 2859 1079 2915 artem
1099 2860 1154 2915 aut
1173 2849 1335 2916 seientiam
1357 2859 1411 2915 ant
1425 2859 1491 2917 stu·

164 2943 253 3010 dium
276 2945 445 3031 quodpiam
467 2946 648 3031 vituperare
670 2957 801 3029 propter
822 2964 933 3010 eornm
955 2943 1047 3019 vitia,
1084 2945 1139 3031 qui
1161 2944 1193 3010 in
1215 2965 1255 3010 eo
1276 2943 1380 3010 studio
1401 2953 1489 3011 sunt:

165 3037 280 3114 veluti,
303 3040 358 3125 qui
378 3042 569 3104 rhetoritnm
591 3039 782 3122 vituperant,
804 3048 937 3126 propter
956 3037 1087 3104 alieuius
1102 3040 1237 3105 oratorie
1252 3038 1491 3125 vituperandam

163 3132 273 3200 vitam.
318 3136 397 3198 Item
427 3133 574 3201 vitiosum
601 3145 648 3200 est
674 3155 714 3198 ex
737 3154 795 3209 eo,
833 3133 919 3220 qnod
940 3152 1105 3219 perperam
1128 3132 1242 3199 laetum
1264 3154 1334 3199 esse
1354 3143 1489 3209 constet,

126 3238 275 3314 reputare
296 3228 434 3304 ostendi,
468 3248 572 3316 aquo
595 3228 722 3294 homine
743 3228 859 3293 lactum
881 3227 937 3303 sit,
971 3227 1031 3293 hoo
1051 3227 1162 3293 modo:
1202 3232 1362 3294 Mortuum
1383 3227 1491 3292 delor-

163 3332 299 3399 matum,
333 3332 457 3391 tumore
489 3323 682 3409 praeditum,
715 3323 930 3389 decoloratum
959 3321 1057 3388 luisse
1087 3331 1223 3401 constat;
1260 3343 1337 3409 ergo
1366 3342 1490 3387 veneno

162 3425 290 3483 necatus
313 3426 369 3488 est.
412 3418 551 3494 Deinde,
589 3419 616 3483 si
646 3421 685 3484 sit
713 3440 813 3505 usque
843 3418 876 3484 in
904 3439 942 3483 eo
965 3426 1153 3503 occupatus,
1182 3426 1218 3484 ut
1243 3418 1333 3483 multi
1354 3416 1489 3494 iaciunt,

162 3532 317 3578 venenum
347 3513 468 3590 datum,
501 3513 577 3579 vitio
606 3534 669 3578 non
697 3513 849 3579 mediocri
879 3511 1082 3578 conflictetur.
1125 3517 1196 3578 Non
1222 3513 1306 3577 enim
1332 3511 1490 3578 factumne

163 3606 218 3683 sit,
243 3607 423 3694 quaeritur,
446 3607 541 3674 seda
563 3627 626 3693 quo
648 3606 764 3673 factum
785 3607 835 3673 sit.
880 3610 1025 3675 XXVIII.
1050 3612 1102 3674 45.
1124 3611 1204 3673 Item
1225 3608 1373 3675 vitiosum
1395 3607 1491 3673 estin

233 3830 259 3879 1.
278 3842 324 3887 eo,
343 3824 424 3892 quoe]
443 3831 520 3892 atquo
537 3827 637 3879 ΡΑΡΤ.
657 3851 689 3866 ·-
716 3828 742 3880 3.
764 3828 822 3892 Quo
840 3841 921 3878 cautu
938 3827 1093 3878 PABPR‘I':
1120 3828 1209 3892 Quart
1227 3841 1287 3879 eum
1308 3827 1435 3878 lambino
1455 3828 1488 3879 E.

165 3925 195 3938 -
215 3900 283 3949 lune
296 3907 351 3949 tum
363 3899 391 3947 id
403 3897 540 3949 PAIIFIIT
554 3907 580 3949 et
592 3903 674 3951 oetert
691 3903 763 3950 nottr
782 3900 850 3948 leuno
860 3912 959 3963 nequeo
975 3912 1033 3948 enm
1048 3898 1192 3949 Cratandro
1206 3899 1238 3948 E.
1275 3899 1413 3951 Praeludtt
1428 3900 1490 3948 huto

163 3970 317 4021 arbitrnrtne
331 3972 488 4020 correctioni
501 3984 552 4034 mg.
567 3970 588 4018 B
609 3976 660 4022 sto:
680 3983 778 4033 nequeo
789 3984 889 4020 meeum
899 3969 937 4017 td.
976 3970 1030 4033 Ego
1045 3976 1107 4031 puto
1122 3983 1178 4020 esse
1191 3972 1423 4034 Interroqottonern
1443 3983 1490 4032 per

162 4037 369 4106 ἀποσιώπησιν
380 4044 550 4102 propositam.
563 4065 593 4077 ·—
614 4036 775 4102 exputando]
789 4039 952 4102 disponendo
961 4040 1020 4099 ΑΡ,
1034 4039 1187 4102 exponendo
1197 4040 1237 4090 oet
1247 4043 1399 4103 exputando
1411 4053 1446 4090 rc.
1457 4040 1487 4099 P,

163 4112 324 4175 disputando
343 4123 410 4161 corr.
425 4113 444 4160 P
464 4119 491 4163 et
508 4125 559 4176 mg.
574 4110 609 4167 B,
629 4112 789 4173 disputando
802 4112 842 4160 vel
854 4113 1007 4173 exputando
1020 4111 1053 4160 Il.
1072 4107 1236 4173 (reputando
1251 4125 1291 4173 pr.
1305 4111 1336 4161 Ρ.
1356 4136 1390 4149 -
1408 4112 1488 4170 lunc,

162 4182 218 4231 tom
241 4182 365 4246 putando
392 4183 509 4233 eootoero
534 4182 706 4232 Lindemannl
729 4179 867 4243 suspteto.)
896 4207 925 4217 —
957 4182 983 4232 d.
1004 4178 1105 4244 quiid]
1124 4183 1188 4246 quid
1208 4183 1298 4243 pr.P,
1331 4198 1390 4233 eum
1408 4183 1436 4231 td
1453 4181 1487 4230 It.

164 4249 223 4314 (qut
244 4253 272 4301 td
297 4254 377 4303 ceteri
403 4256 485 4303 nostrl
508 4259 537 4303 et
561 4266 628 4302 corr·
651 4253 696 4309 P.)
721 4277 752 4289 -
781 4253 904 4302 auditum
922 4251 976 4301 ΡΤ.
1001 4259 1031 4302 ιιι
1057 4263 1120 4308 nos,
1147 4252 1247 4302 IIIIPII.
1276 4279 1309 4288 -
1337 4254 1438 4304 estimet
1455 4255 1488 4301 It.

164 4320 219 4386 (qut
233 4326 315 4383 partos·
331 4323 361 4371 td
378 4326 500 4373 nuditum
518 4325 634 4373 aestimet
654 4323 729 4382 Seli.)
754 4349 784 4360 -
814 4323 840 4372 8.
859 4330 953 4384 posteo
970 4324 1039 4385 quod
1058 4324 1098 4372 ott
1116 4321 1137 4372 I*
1156 4330 1182 4373 et
1203 4337 1270 4375 corr.
1285 4324 1321 4383 P,
1338 4330 1432 4384 postea
1450 4326 1490 4373 ott

164 4391 271 4455 (omisso
291 4392 457 4457 pronomine)
476 4395 507 4443 T.
523 4419 556 4428 —
575 4395 609 4442 tt
626 4403 652 4445 et
671 4396 714 4444 15.
735 4392 861 4443 eiusmodi
880 4393 932 4442 PB.
949 4419 976 4430 -
1000 4393 1041 4441 18.
1061 4389 1106 4455 stt]
1127 4400 1163 4442 est
1176 4391 1298 4444 PAFIIT.
1314 4419 1344 4429 -
1367 4392 1408 4440 tt.
1429 4406 1490 4442 eoo-

164 4471 310 4514 summntur
327 4464 418 4515 ABP'I'
438 4464 514 4516 stab
534 4465 626 4515 endem
646 4479 724 4516 manu
743 4477 810 4514 corr.
826 4464 863 4513 P:
884 4465 1047 4513 eonsumitur
1064 4464 1103 4522 Il,
1124 4477 1163 4525 pr·
1176 4464 1213 4524 P,
1234 4466 1264 4514 tt.
1287 4487 1317 4501 ·-
1341 4462 1385 4512 2¹.
1405 4460 1488 4526 rosto]

163 4535 289 4596 perpetio
307 4534 384 4584 m.
411 4560 442 4572 —
470 4536 514 4586 at.
534 4538 562 4584 tn
580 4539 703 4584 oratione
720 4535 936 4584 adversariorum
953 4533 1060 4582 rtur:
1087 4536 1116 4582 tn
1135 4534 1352 4585 aduersariorum
1370 4535 1490 4583 orations

163 4603 243 4653 suu.
264 4628 295 4639 -
323 4605 367 4654 25.
387 4606 474 4658 Veron
497 4607 597 4668 seclusa
624 4605 661 4667 (ot
678 4610 752 4656 inu
770 4602 947 4666 ostendemus)
971 4619 1023 4654 om.
1040 4603 1140 4654 PdFT.
1167 4631 1197 4642 -
1222 4603 1348 4656 eiusmodi
1372 4603 1427 4652 ult.
1457 4629 1487 4641 -

165 4687 196 4726 so
212 4673 319 4725 seclusit
332 4676 368 4729 E.
388 4677 440 4727 del.
455 4678 517 4728 Seli.
533 4702 565 4713 -
584 4677 628 4728 27.
647 4677 761 4727 studiose·
772 4673 895 4725 ΡΑΡΡΤ.
913 4700 941 4711 -
962 4674 1006 4725 30.
1025 4671 1071 4737 stt]
1086 4682 1151 4725 esset
1164 4675 1199 4733 P,
1219 4680 1255 4725 est
1267 4671 1372 4731 AFIIT,
1394 4674 1487 4725 essslt.

167 4770 196 4783 -
217 4743 261 4795 ³1.
283 4751 385 4797 coastat
403 4746 482 4808 [uisu
499 4748 623 4798 auun'r.
651 4775 680 4786 -
710 4751 811 4798 constat
830 4758 890 4811 erpo
907 4758 1006 4795 ueneno
1023 4754 1146 4796 necatum
1163 4745 1222 4809 FT,
1247 4758 1310 4810 erpo
1328 4748 1429 4795 constat
1448 4759 1489 4798 ot·

165 4827 234 4870 otoo
250 4823 372 4870 notatum
388 4818 422 4871 u.
444 4843 473 4856 -
492 4818 536 4871 32.
556 4830 638 4886 osque
654 4832 684 4872 so
702 4832 743 4883 pr.
758 4818 795 4882 Τ,
814 4828 896 4882 rosque
914 4817 981 4868 odeo
999 4817 1028 4869 tn
1045 4829 1075 4869 oo
1095 4816 1159 4880 BR,
1177 4815 1209 4868 1..
