3216 5400
164 203 205 268 ao
662 206 716 271 na
739 170 982 270 uvauuonu

164 384 226 450 qne
257 366 442 432 necessariis
470 373 667 452 cogerentur.
720 369 826 452 ltaque
857 386 929 430 cum
956 369 989 430 in
1020 364 1154 431 dicendo
1184 387 1278 450 saepe
1299 388 1376 455 par,
1411 392 1490 438 non·

163 481 323 545 nunquam
346 461 439 526 etiam
462 461 608 548 superior
634 459 719 525 uisus
747 467 828 524 esset
857 459 900 532 is,
934 461 1005 543 qui,
1040 461 1157 525 omisso
1179 460 1282 527 studio
1305 466 1487 550 sapientiae,

164 552 241 619 nihil
263 553 322 619 sibi
344 564 470 638 praeter
492 553 702 641 eloquentiam
724 562 955 638 comparasset,
990 553 1100 630 fiebat,
1124 565 1157 619 ut
1179 565 1210 620 et
1231 556 1436 624 multitudinis
1459 570 1491 625 et

165 666 223 711 suo
244 647 362 713 iudicio
384 648 516 734 dignus,
550 649 693 734 quirem
716 648 872 733 publicam
897 660 1039 732 gereret,
1071 647 1241 714 videretur.
1295 651 1376 716 Hinc
1398 654 1490 720 nimi·

142 756 235 805 trum
257 762 326 808 non·
343 743 478 819 iniuria,
511 741 641 809 eumad
664 740 874 827 gubernacula
895 741 943 806 rei
964 741 1107 827 publicae
1129 744 1288 808 temerarii
1318 755 1411 832 atquc
1434 771 1491 815 au-

165 839 256 900 daces
290 836 432 903 homines
464 846 674 912 accesserant,
714 838 851 900 maxima
888 857 924 900 ac
959 837 1134 901 miserrima
1167 838 1329 924 naufragia
1361 840 1488 909 fiebant.

165 929 287 1008 Quibus
308 937 403 998 rebus
425 941 543 999 tantum
567 931 632 998 odii
654 940 747 1016 atque
769 929 904 995 invidiae
927 930 1063 1016 suscepit
1083 930 1275 1018 eloquentia,
1299 943 1331 999 ut
1345 939 1491 1003 homines

163 1023 407 1108 ingeniosissimi
440 1027 528 1112 qnasi
557 1047 596 1091 ex
628 1028 733 1111 aliqua
763 1023 887 1091 turbida
918 1033 1100 1110 tempestate
1130 1026 1162 1090 in
1194 1036 1339 1112 portum,
1375 1030 1420 1095 sic
1449 1053 1491 1098 ex

165 1119 313 1184 seditiosa
345 1143 382 1185 ae
409 1121 598 1187 tumultuosa
630 1120 692 1184 vita
718 1140 752 1184 se
780 1118 812 1184 in
841 1117 978 1184 studium
1005 1119 1130 1204 aliquod
1154 1120 1313 1186 traderent
1334 1123 1488 1209 quietum.

128 1240 155 1279 aa
164 1215 269 1289 Quare
291 1214 368 1279 mihi
390 1215 537 1281 ridentur
559 1224 669 1300 postea
690 1225 793 1279 cetera
815 1217 916 1278 studia
938 1220 1024 1278 recta
1039 1222 1132 1298 atque
1158 1214 1286 1280 honesta
1309 1238 1364 1303 per
1390 1220 1491 1287 otium

164 1308 378 1375 concelebrata
401 1310 440 1376 ab
462 1311 589 1397 optimis
610 1309 776 1386 enituisse3
800 1312 859 1374 hoc
881 1328 956 1373 vcro
979 1329 996 1371 a
1018 1308 1177 1395 plerisque
1199 1330 1308 1374 eorum
1332 1310 1491 1380 desertum

165 1399 358 1469 obsolevisse
380 1425 417 1469 eo
440 1413 597 1490 ternpore,
620 1425 684 1489 quo
706 1405 805 1468 multo
826 1401 1042 1467 vehementius
1065 1411 1133 1466 erat
1154 1404 1350 1472 retinendum
1373 1417 1404 1473 et
1426 1419 1492 1475 stu·

165 1496 281 1562 diosius
303 1497 528 1583 adaugendum.
574 1502 603 1562 5.
626 1502 703 1562 Nam
726 1518 790 1581 quo
812 1495 968 1580 indignius
988 1516 1056 1560 rem
1072 1497 1321 1563 honestissimam
1337 1511 1368 1566 et
1382 1504 1494 1568 rectis-

165 1591 275 1656 simam
307 1592 443 1657 violabat
464 1593 630 1658 stultorum
661 1601 692 1656 ct
720 1589 939 1677 improborum
971 1590 1130 1654 temeritas
1154 1601 1185 1655 et
1212 1592 1340 1659 audacia
1368 1617 1492 1662 summo

126 1706 235 1750 ascum
262 1686 308 1751 rei
339 1686 482 1769 publicae
512 1686 715 1759 detrimento,
751 1706 789 1750 eo
819 1683 988 1760 studiosius
1016 1696 1046 1750 et
1068 1684 1129 1748 illis
1152 1686 1356 1753 resistendum
1381 1690 1439 1756 luit
1461 1701 1494 1756 et

163 1780 210 1844 rei
232 1780 374 1866 publicae
397 1781 632 1846 consulendum.
681 1782 733 1846 IV.
766 1782 859 1858 Quod
883 1790 1024 1845 nostrum
1045 1779 1131 1844 illum
1156 1802 1217 1845 non
1240 1780 1319 1868 sugit
1341 1786 1494 1860 Catonem
1526 1813 1528 1817 ¹

163 1896 266 1960 neque
296 1873 436 1939 Laelium
465 1896 567 1960 neque
600 1877 730 1948 horum,
767 1882 802 1938 ut
828 1895 901 1939 vere
931 1872 1051 1948 dicam,
1090 1872 1275 1960 discipulum
1309 1876 1493 1945 Africanum

163 1988 266 2054 neque
289 1970 445 2034 Gracchos
465 1969 603 2034 Africani
625 1977 772 2054 nepotes:
798 1969 911 2056 quibus
932 1968 964 2033 in
978 1967 1158 2033 hominibus
1173 1977 1240 2033 erat
1257 1991 1378 2037 summa
1393 1975 1493 2040 virtus

164 2073 196 2128 et
217 2084 337 2129 summa
367 2067 483 2131 virtute
510 2061 694 2146 amplificata
724 2062 891 2128 auctoritas
921 2070 974 2138 et,
1010 2083 1091 2147 qnae
1120 2063 1167 2127 lris
1189 2067 1283 2129 rebus
1306 2078 1493 2134 ornamento

126 2168 196 2225 raet
215 2159 263 2223 rei
285 2159 427 2246 publicae
451 2159 608 2242 praesidio
631 2166 731 2232 esset,
770 2157 958 2242 eloquentia.
1016 2161 1120 2234 Quare
1143 2179 1214 2223 aneo
1238 2159 1364 2242 quidem
1387 2163 1493 2229 animo

164 2252 262 2318 nihilo
285 2256 387 2320 minus
409 2252 605 2340 eloquentiae
628 2250 813 2317 studendum
837 2260 903 2326 εει,
938 2249 996 2315 ειεί
1024 2271 1061 2314 ea
1091 2251 1218 2335 quidam
1241 2261 1272 2316 et
1294 2255 1439 2339 privatim
1462 2267 1495 2322 et

163 2346 287 2432 publice
309 2369 459 2434 perverse
481 2346 670 2425 abutuntur;
693 2350 748 2410 sed
772 2365 810 2409 eo
834 2344 960 2428 quidem
977 2345 1210 2418 vehementius,
1233 2368 1273 2411 ne
1289 2348 1362 2412 mali
1378 2372 1494 2435 magno

163 2461 234 2506 cum
258 2442 446 2508 detrimento
474 2440 630 2506 bonorum
661 2449 692 2504 et
718 2441 875 2504 communi
905 2441 1045 2502 omniurn
1067 2439 1205 2524 pernicie
1228 2441 1398 2526 plurimum
1420 2466 1495 2531 pos·

164 2537 243 2613 sint;
279 2559 350 2603 cum
373 2536 557 2623 praesertim
581 2535 640 2600 hoc
662 2537 702 2600 sit
730 2555 844 2607 unum,
879 2535 965 2617 quod
987 2532 1026 2597 ad
1048 2553 1156 2598 omnes
1178 2555 1229 2600 res
1251 2546 1282 2601 et
1302 2540 1440 2622 privatas
1463 2548 1495 2604 et

125 2627 303 2714 aspublicas
325 2632 459 2697 maxime
482 2631 649 2717 pertineat,
683 2634 744 2694 hoc
766 2637 852 2701 tuta,
889 2628 949 2693 lion
980 2631 1127 2701 honesta,
1163 2632 1224 2693 hoc
1252 2630 1394 2704 illustris,
1433 2638 1495 2699 hoc

163 2726 276 2789 eodem
300 2726 362 2791 vita
385 2725 520 2792 iucunda
542 2725 604 2790 liat.
648 2728 726 2788 Nam
749 2722 823 2787 hinc
844 2722 883 2787 ad
906 2721 1149 2808 rempublicam
1172 2723 1306 2809 plurima
1328 2727 1495 2793 commoda

164 2820 308 2893 veniunt,
345 2821 371 2885 si
402 2820 593 2886 moderatrix
621 2819 758 2885 omniurn
793 2838 900 2883 rerum
928 2828 1054 2902 praesto
1084 2827 1131 2882 est
1152 2818 1324 2903 sapientia;
1359 2820 1431 2886 hinc
1452 2827 1494 2887 ad

163 2913 268 2998 ipsos,
293 2916 346 2999 qui
369 2936 437 2979 eam
460 2914 563 2999 adepti
587 2920 676 2985 sunt,
706 2912 788 2985 laus,
812 2915 932 2985 honos,
955 2909 1089 2994 dignitas
1112 2913 1260 2990 contluit;
1290 2915 1362 2977 hinc
1385 2919 1494 2982 amicis

164 3028 291 3092 quoque
322 3028 432 3074 eorum
460 3008 666 3073 certissimum
698 3027 734 3070 ac
765 3005 951 3071 tutissimum
979 3003 1169 3090 praesidium
1192 3019 1403 3092 comparatur.
1451 3019 1494 3077 do

126 3101 241 3171 aemilii
264 3101 390 3185 quidem
412 3103 558 3167 videntur
578 3102 736 3172 homines,
774 3120 844 3163 cum
876 3098 979 3163 multis
1012 3098 1104 3163 rebus
1136 3100 1321 3166 humiliores
1349 3113 1380 3168 et
1408 3104 1496 3170 intir-

163 3193 283 3258 miores
306 3201 383 3271 sint,
405 3201 464 3261 hac
480 3219 513 3260 re
529 3195 664 3259 maxime
682 3194 788 3259 bestiis
803 3203 977 3280 praestare,
1001 3192 1087 3279 quod
1101 3193 1188 3278 loqui
1204 3205 1342 3281 possunt.
1387 3200 1494 3275 Quare

163 3288 359 3372 praeclarum
382 3293 457 3354 mihi
480 3288 626 3376 quiddam
648 3287 772 3352 videtur
793 3287 924 3370 adeptus
947 3291 985 3361 is,
1011 3287 1079 3372 qui,
1104 3310 1165 3372 qua
1180 3312 1214 3353 re
1228 3290 1370 3358 homines
1385 3292 1495 3360 bestiis

163 3394 340 3465 praestent,
370 3406 405 3449 ea
428 3385 460 3449 in
482 3405 517 3448 re
539 3381 719 3449 hominibus
740 3381 816 3464 ipsis
839 3382 1010 3447 antecellat.
1056 3384 1126 3447 lloc
1147 3384 1173 3448 si
1195 3384 1276 3452 lorte
1298 3406 1361 3452 non
1382 3397 1496 3454 natura

163 3480 259 3540 modo
282 3498 385 3562 neque
408 3463 643 3544 exercitatione’
656 3475 833 3551 conficitur,
856 3498 964 3540 verum
988 3476 1080 3541 etiam
1102 3477 1234 3544 artificio
1254 3484 1392 3564 quodam
1407 3503 1496 3548 com-

128 3600 154 3642 ,ε
164 3578 313 3660 paratur,
336 3594 399 3637 non
422 3573 557 3638 alienum
579 3583 626 3637 est
647 3571 774 3647 videre,
806 3592 886 3656 quae
909 3570 1011 3635 dicant
1033 3571 1078 3646 ii,
1103 3574 1156 3657 qui
1179 3574 1331 3659 quaedam
1355 3575 1424 3640 eius
1446 3580 1494 3641 rei

164 3675 332 3752 praecepta
367 3665 458 3732 nobis
496 3667 698 3754 reliquerunt.
757 3663 817 3729 Sed
852 3675 1018 3750 antequam
1057 3665 1097 3731 de
1138 3669 1313 3752 praeceptis
1346 3671 1496 3736 oratoriis

165 3759 319 3836 dicamus,
354 3761 477 3827 videtur
498 3760 663 3827 dicendum
685 3758 723 3825 de
746 3780 863 3844 genere
886 3759 984 3843 ipsius
1006 3759 1103 3844 artis,
1138 3760 1177 3825 de
1200 3760 1328 3840 officio,
1359 3761 1398 3828 de
1423 3763 1494 3840 line,

166 3858 205 3919 de
227 3853 374 3930 materia,
411 3859 449 3921 de
471 3857 624 3941 partibus.
678 3859 756 3919 Nam
779 3856 828 3919 his
849 3857 945 3918 rebus
966 3854 1099 3938 cognitis
1122 3854 1242 3921 facilius
1264 3864 1296 3921 et
1317 3856 1495 3943 expeditius

166 3947 288 4013 animus
309 3949 402 4015 unius
424 3950 574 4034 cuiusque
596 3951 696 4034 ipsam
717 3948 871 4014 rationem
894 3969 929 4012 ac
953 3948 1033 4012 viam
1057 3952 1132 4014 artis
1147 3950 1347 4015 considerare
1364 3953 1492 4035 poterit.

128 4070 156 4112 aa
254 4047 292 4110 V.
331 4048 362 4108 6.
401 4043 505 4110 Civilis
528 4045 682 4131 quaedam
702 4044 783 4109 ratio
805 4051 871 4119 est,
906 4063 986 4129 quae
1013 4043 1117 4109 multis
1139 4053 1170 4109 et
1192 4046 1313 4130 magnis
1335 4066 1375 4111 cx
1398 4050 1495 4114 rebus

166 4144 296 4203 constat.
339 4138 414 4203 Eius
436 4137 589 4225 quaedam
618 4160 732 4222 magna
766 4147 797 4202 et
826 4138 928 4223 ampla
951 4158 1023 4220 pars
1046 4148 1093 4202 est
1114 4138 1282 4205 artificiosa
1304 4141 1494 4226 eloquentia,

166 4252 258 4316 quam
288 4234 477 4298 rhetoricam
505 4242 627 4302 vocant.
681 4237 758 4297 Nam
791 4253 894 4315 neque
924 4251 993 4296 cum
1023 4232 1061 4296 iis
1094 4233 1264 4307 sentimus,
1294 4237 1347 4322 qui
1370 4236 1495 4301 civilem

165 4328 327 4392 scientiam
356 4326 534 4412 eloquentia
563 4348 626 4392 non
654 4333 764 4415 putant
795 4326 956 4410 indigere;
991 4334 1022 4390 et
1051 4332 1090 4392 ab
1122 4330 1177 4405 iis,
1215 4331 1268 4414 qui
1291 4352 1361 4396 eam
1382 4340 1496 4413 putant

167 4446 1483 4478 mm*-

236 4525 261 4573 1.
282 4524 537 4590 cogereturPdltT.
559 4549 585 4560 -
607 4526 633 4574 2.
655 4528 736 4575 ettam
754 4538 807 4575 orn.
831 4524 885 4574 ΛΤ.
912 4520 1030 4585 (liabent
1049 4525 1139 4592 VPR.)
1168 4555 1196 4565 -
1230 4530 1255 4580 a.
1280 4544 1313 4580 oo
1331 4529 1439 4580 PART:
1468 4538 1494 4582 ot

167 4593 198 4643 ll.
220 4617 248 4628 -
280 4597 322 4645 t'l.
347 4605 376 4646 ut
395 4610 453 4647 aare
471 4596 582 4647 PART:
612 4609 674 4645 vare
693 4597 723 4646 a.
751 4596 832 4656 (ltlud
853 4601 892 4645 ert
911 4597 943 4647 do
962 4596 1007 4647 Or.
1028 4602 1059 4659 t,
1079 4598 1143 4655 33.;
1164 4601 1213 4650 hoo
1231 4603 1264 4652 de
1284 4601 1328 4652 Or.
1349 4604 1381 4662 2,
1401 4599 1440 4663 d.)
1460 4624 1493 4639 -

166 4662 210 4710 22.
231 4665 335 4725 quidem
354 4681 406 4717 om.
427 4668 507 4718 VAT.
535 4691 567 4703 -
597 4666 641 4716 st.
665 4667 701 4717 sit
725 4681 806 4715 unum
824 4665 933 4716 PART:
962 4683 1043 4719 artum
1069 4672 1103 4720 sit
1127 4670 1180 4720 VE.
1209 4697 1240 4708 -
1270 4677 1295 4720 ot
1322 4673 1441 4734 publicus
1470 4678 1494 4721 st

166 4734 288 4793 privatos
306 4736 338 4786 V.
370 4761 397 4774 -·
428 4738 471 4790 35.
493 4752 559 4803 quoe
577 4737 684 4788 Paua:
716 4736 780 4798 qaid
807 4749 866 4785 cum
887 4752 939 4788 nno
959 4737 1029 4800 Oud.
1052 4740 1084 4790 ll.
1112 4763 1144 4775 —
1179 4742 1222 4791 37.
1252 4744 1363 4792 dicimus
1390 4742 1492 4793 PART.

167 4799 292 4924 iiiiqu')
314 4806 534 4934 ‘qim-‘iniiam
551 4810 628 4865 unios
646 4809 770 4874 cuiusque
787 4807 897 4858 PART:
923 4811 1002 4859 antus
1020 4813 1139 4878 culosque
1156 4813 1260 4864 animur
1279 4813 1309 4864 s.
1333 4836 1360 4849 ·-
1391 4814 1435 4866 ta.
1454 4814 1495 4869 dit

262 4900 321 4925 ··'
379 4910 385 4930 ν
421 4893 443 4940 li
498 4917 514 4939 ,ο
