3232 5392
539 231 615 296 LlB.
639 233 665 296 l.
710 233 743 296 C.
766 233 820 302 43.
842 232 895 296 44.
918 230 971 297 tb.
995 233 1047 298 to.
1395 239 1456 304 113

135 391 202 458 fieri
230 388 384 457 videatur.
429 393 481 458 83.
520 392 654 477 Oportet
674 398 779 455 autem
801 393 1069 470 animadvertere,
1101 417 1161 471 ne,
1190 415 1261 460 cum
1283 395 1374 463 aliter
1395 401 1458 465 sint

134 484 228 551 multa
249 487 406 561 iudicata,
431 485 605 550 solitarium
627 484 753 570 aliquod
776 493 830 551 aut
851 506 957 552 rarum
980 491 1150 556 indicatum
1172 490 1332 558 alleralur.
1376 496 1455 558 Nam

134 580 182 646 lais
204 577 298 645 rebus
319 583 488 647 auctoritas
509 579 635 644 iudicati
657 581 791 644 maxime
812 589 916 665 potest
936 580 1095 648 infirmari.
1139 590 1240 670 Atque
1263 605 1300 649 ea
1314 587 1453 671 quidem,

135 695 213 762 qnae
245 677 335 761 quasi
367 675 544 762 probabilia
573 682 754 747 sumentur,
790 676 829 738 ad
860 676 942 738 hunc
974 676 1102 743 modum
1137 680 1250 743 tentari
1282 681 1452 764 oportebit.

133 771 226 835 XLV.
260 771 349 848 Quae
379 789 456 834 vero
477 768 568 833 sicuti
589 770 764 832 necessaria
792 769 1002 844 inducentur,
1039 792 1076 834 ea
1098 770 1127 836 si
1146 770 1227 837 forte
1248 771 1477 838 imitabuntnrs

134 867 228 931 modo
256 866 463 930 necessariam
491 861 794 944 argumentationem
824 884 928 949 neque
955 872 1046 928 amnt
1067 868 1243 942 eiusmodi,
1279 868 1324 931 sic
1346 887 1456 950 repre·
1483 888 1492 904 ·

133 960 330 1024 bendentnr:
364 957 502 1044 primum
524 955 720 1042 complexio,
752 978 847 1043 qnae,
869 965 974 1022 utrum
991 960 1199 1036 concesseris,
1222 964 1316 1026 debet
1330 964 1454 1036 tollere,

133 1055 158 1117 si
179 1073 255 1117 vera
283 1062 346 1126 est,
379 1070 538 1137 nunquam
567 1051 844 1136 reprehendebam
879 1049 928 1116 sin
959 1051 1054 1130 lalsa,
1086 1057 1209 1121 duobus
1242 1057 1367 1132 modis,
1401 1063 1458 1122 aut

133 1151 338 1214 conversione
360 1155 414 1212 ant
435 1144 563 1210 alterius
585 1145 682 1231 partis
704 1142 924 1210 infirmatione.
969 1147 1201 1224 Conuersione,
1223 1155 1285 1217 boc
1307 1154 1421 1216 nodo:

257 1281 335 1344 Nom
356 1280 384 1343 si
403 1286 537 1350 veretur,
559 1277 631 1360 quid
652 1297 718 1340 eam
739 1296 889 1351 accusem,
912 1278 965 1361 qui
986 1285 1028 1340 est
1042 1279 1178 1362 probust
1462 1290 1492 1332 1⁰

256 1377 312 1439 Sia
332 1373 559 1437 inverecundum
580 1374 676 1435 animi
697 1371 849 1453 ingenium
865 1371 1013 1454 possidet,

259 1470 339 1549 Quid
359 1488 426 1532 eum
445 1485 596 1541 aestuem,
618 1467 671 1549 qai
690 1466 722 1527 id
739 1466 830 1547 porci
851 1465 957 1528 auditu
978 1467 1150 1530 existimet?

131 1614 208 1686 llic,
241 1609 309 1675 sive
329 1607 434 1673 vereri
455 1607 576 1671 dixeris
597 1605 663 1670 sive
684 1626 748 1669 non
770 1605 894 1682 vereri,
931 1609 1167 1674 concedendum
1194 1608 1253 1675 hoc
1283 1621 1385 1699 putat,
1419 1625 1455 1684 ut

130 1712 225 1789 neget
255 1722 324 1769 esse
354 1699 575 1766 accusandum.
633 1697 726 1776 Quod
748 1701 956 1766 conversione
984 1703 1029 1766 sic
1050 1703 1317 1788 reprehendetur:
1352 1713 1454 1778 Immo
1491 1769 1494 1772 ,

130 1821 207 1865 vero
230 1799 424 1864 accusandus
446 1803 504 1860 est.
549 1797 627 1858 Nam
649 1795 676 1858 si
698 1802 845 1870 veretur,
867 1817 1015 1877 accuses;
1042 1820 1106 1865 non
1128 1802 1212 1864 enim
1235 1802 1324 1887 parvi
1345 1805 1490 1872 audituas

130 1894 332 1961 existimabit.
377 1892 432 1956 Sin
453 1891 701 1955 inverecundum
722 1888 819 1955 animi
834 1891 995 1975 ingenium
1009 1896 1165 1979 possidet,
1187 1904 1291 1961 umen
1306 1919 1451 1978 accuses;

129 2011 192 2054 non
215 1991 299 2053 enim
321 1989 440 2075 probus
462 1992 521 2049 est.
565 1984 617 2048 et.
639 1982 774 2049 Alterius
797 1993 900 2050 antem
923 1988 1022 2068 partis
1042 1986 1253 2055 infirmatione
1275 1988 1335 2055 hoc
1356 1997 1453 2059 modo

128 2082 395 2169 reprehendetur:
429 2080 546 2143 Verum
576 2079 601 2141 si
629 2087 776 2153 veretur,
812 2080 1009 2146 accusatione
1031 2090 1084 2146 tua
1106 2093 1266 2150 correctus
1287 2084 1326 2151 ab
1349 2098 1454 2154 errato

128 2176 266 2244 recedet.
317 2173 517 2240 Enumeratio
548 2172 661 2235 vitiosa
693 2170 894 2256 intelligitur,
929 2176 955 2237 si
987 2182 1040 2240 aut
1066 2176 1271 2260 praeteritum
1304 2182 1453 2267 quiddam
1489 2237 1493 2261 ,,

130 2276 289 2346 dicemus,
316 2270 403 2355 quod
425 2265 557 2331 velimus
578 2264 771 2340 concedere,
799 2275 853 2330 aut
878 2267 1037 2334 infirmum
1059 2269 1178 2357 aliquid
1200 2287 1490 2355 annumemtum,ao

130 2366 213 2456 quod
241 2373 297 2431 aut
322 2371 431 2427 contra
458 2359 519 2427 dici
541 2360 641 2443 possit
662 2368 716 2426 aut
737 2381 830 2426 cansa
852 2382 915 2427 non
937 2362 992 2438 sit,
1021 2385 1119 2450 qnare
1141 2386 1205 2432 non
1228 2371 1358 2436 honeste
1380 2393 1453 2459 pos-

129 2468 224 2529 simus
255 2461 443 2524 concedere.
488 2457 679 2519 Praeteritnr
708 2456 857 2542 quiddam
889 2459 923 2520 in
952 2458 1108 2524 eiusmodi
1137 2464 1449 2531 enumerationibusc

130 2559 286 2636 Quoniam
312 2549 410 2618 babes
439 2548 534 2614 istum
556 2568 689 2635 equum,
719 2559 772 2615 aut
794 2550 908 2616 emeris
931 2560 1056 2646 oportet
1077 2563 1131 2620 ant
1152 2557 1328 2624 hereditate
1350 2559 1452 2645 possi·

129 2655 202 2718 dees
223 2656 277 2714 aut
297 2667 427 2712 munere
449 2645 606 2730 acceperis
634 2652 689 2710 aut
716 2648 802 2710 domi
831 2643 886 2709 tibi
914 2653 1004 2710 natus
1025 2649 1064 2712 sit
1086 2657 1159 2724 aut,
1189 2652 1215 2713 si
1238 2654 1350 2715 borum
1373 2653 1450 2719 nibil

128 2756 193 2822 est,
229 2741 418 2825 surripueris
448 2760 576 2805 necesse
605 2747 674 2804 est:
710 2740 766 2804 sed
795 2759 898 2825 neque
921 2738 1023 2804 emisti
1045 2761 1147 2827 neque
1169 2745 1342 2810 hereditate
1364 2749 1487 2813 renites

127 2860 229 2927 neque
252 2841 384 2902 donatus
407 2843 453 2899 est
475 2853 576 2920 neque
599 2832 686 2897 domi
707 2838 797 2896 uatus
820 2839 885 2908 est3
922 2851 1050 2897 necesse
1078 2844 1126 2899 est
1148 2855 1225 2920 ergo
1246 2840 1447 2927 surripueris.

128 2939 178 3000 85.
203 2935 273 2997 Hoc
294 2927 459 2994 commode
481 2930 747 3011 reprebendatur,
781 2926 807 2989 si
829 2927 890 2989 dici
912 2925 1011 3011 possit
1032 2949 1074 2991 ex
1094 2928 1237 2995 hostibus
1260 2953 1360 3020 equus
1380 2955 1451 3002 esse

128 3036 250 3115 captus,
279 3024 367 3089 cuius
388 3024 525 3109 praedae
547 3022 643 3086 sectio
666 3041 729 3086 non
757 3020 912 3099 venierit3
948 3043 1010 3107 quo
1032 3023 1137 3099 illato,
1167 3025 1344 3093 infirmetur
1370 3051 1450 3095 enu-

128 3123 275 3197 meratio;
298 3118 445 3205 quoniam
460 3116 492 3180 id
514 3116 554 3181 sit
575 3113 752 3187 inductum,
777 3118 861 3199 quod
876 3117 1081 3201 praeteritum
1097 3118 1137 3184 sit
1149 3118 1183 3184 in
1199 3121 1446 3188 enumeratione.

126 3219 233 3283 xcvi.
257 3213 364 3279 Altero
387 3221 492 3276 autem
513 3212 609 3274 modo
631 3212 895 3295 reprehendetur,
919 3212 945 3274 si
966 3220 1020 3276 ant
1041 3221 1150 3277 contra
1171 3215 1291 3301 aliquid
1306 3219 1445 3282 dicetur:
1459 3240 1486 3282 ss

127 3316 187 3377 boc
203 3317 268 3385 est,
291 3309 319 3373 si
340 3305 476 3390 exempli
498 3325 605 3377 causa,
626 3311 661 3367 nt
682 3305 715 3368 in
738 3306 850 3368 eodem
872 3325 1050 3381 versemur,
1073 3310 1190 3393 poterit
1212 3310 1334 3376 ostendi
1355 3313 1450 3376 here.

127 3407 220 3472 ditate
243 3403 387 3474 venisse,
422 3408 475 3465 aut
496 3401 521 3462 si
543 3398 619 3463 illud
641 3407 816 3464 extremum
838 3420 902 3464 non
930 3402 989 3464 crit
1013 3409 1109 3484 turpe
1138 3404 1328 3482 concedere;
1360 3411 1396 3469 ut
1421 3407 1448 3470 si

127 3503 194 3588 qui,
232 3520 303 3564 cum
334 3496 472 3562 dixerint
502 3491 696 3558 adversarii:
730 3496 793 3557 Aut
819 3493 948 3559 insidias
980 3493 1085 3561 facere
1114 3497 1241 3564 voluisti
1272 3508 1324 3563 aut
1345 3498 1446 3563 amico

126 3614 247 3659 morem
270 3593 392 3674 gessisti
414 3599 468 3654 aut
489 3588 657 3674 cupiditate
679 3590 777 3652 elatus
800 3607 851 3665 es3
875 3587 976 3652 amico
999 3610 1032 3653 se
1055 3610 1178 3657 morem
1200 3592 1333 3678 gessisse
1352 3594 1449 3659 latea-

126 3699 188 3753 tur.
234 3688 286 3750 86.
311 3682 452 3767 Simplex
474 3693 577 3747 antem
600 3683 760 3746 conclusio
782 3682 1045 3766 reprehendetur,
1069 3686 1095 3749 si
1117 3688 1168 3762 id,
1193 3684 1279 3772 quod
1293 3689 1484 3773 sequitur,ss

126 3802 190 3844 non
212 3781 354 3844 videatur
376 3777 553 3841 necessario
576 3795 647 3841 cum
670 3795 726 3850 eo,
752 3780 836 3861 quod
858 3779 1035 3852 antecessit,
1060 3778 1240 3845 cohaerere.
1286 3784 1364 3845 Nam
1385 3784 1448 3848 boc

126 3874 273 3961 quidem:
299 3876 331 3937 Si
354 3870 499 3954 spiritum
521 3869 629 3946 ducit,
653 3869 750 3936 vivit:
789 3873 821 3935 Si
844 3874 910 3936 dies
932 3881 998 3945 est,
1022 3872 1126 3953 lucet;
1151 3873 1306 3940 eiusmodi
1328 3882 1388 3950 est,
1411 3885 1447 3941 nt

126 3991 197 4033 cum
226 3968 331 4053 priore
365 3963 542 4030 necessario
571 3963 726 4050 posterius
755 3967 923 4030 cohaerere
953 3966 1106 4034 videatur.
1149 3972 1218 4034 Hoc
1247 3978 1375 4036 antem:
1413 3973 1446 4037 Si

126 4071 227 4127 mater
248 4070 313 4136 est,
336 4060 459 4144 diligit:
485 4059 517 4121 Si
539 4056 707 4143 aliquando
729 4061 884 4141 peccavit,
907 4081 1066 4149 nunquam
1089 4063 1279 4147 corrigctnr;
1304 4066 1349 4128 sic
1371 4086 1447 4128 con-

125 4158 232 4224 veniet
253 4152 462 4244 reprebendi,
486 4161 521 4216 ut
543 4151 774 4217 demonstretur
795 4174 859 4219 non
881 4159 1058 4221 necessario
1082 4177 1151 4222 cum
1167 4160 1273 4240 priore
1287 4159 1482 4243 posteriusso

126 4254 308 4316 cohaerere.
353 4250 422 4312 lloc
448 4265 547 4329 genus
573 4254 604 4310 et
631 4253 735 4310 cetera
756 4250 931 4313 necessaria
952 4258 984 4314 et
1006 4249 1134 4315 omnino
1157 4253 1259 4316 omnis
1280 4272 1447 4335 argumen-

195 4419 220 4468 1.
240 4418 292 4466 stat
304 4413 390 4463 mutto
401 4409 510 4460 esui:
529 4409 616 4458 mutto
627 4409 680 4458 stoi
694 4410 724 4459 11.
736 4435 768 4445 -
781 4410 808 4460 5.
821 4410 986 4477 inducentur]
999 4416 1120 4464 dicentur
1134 4414 1226 4465 aaut
1241 4422 1267 4466 et
1280 4419 1360 4467 ceteri
1377 4420 1443 4472 noti.

125 4488 191 4539 illud
206 4496 293 4538 tamen
313 4485 399 4534 firmet
412 4480 571 4531 Victorinus.
590 4503 614 4514 -
630 4479 656 4528 7.
672 4481 945 4541 compressurum
963 4486 1069 4548 altique.
1084 4508 1114 4522 -·
1129 4487 1172 4536 10.
1187 4498 1304 4537 accusem
1323 4488 1361 4539 bis
1381 4489 1443 4540 Scb.

125 4574 154 4611 er
175 4559 254 4610 libet.
274 4555 307 4606 ad
327 4555 391 4605 ller.
408 4554 435 4611 2,
455 4552 517 4601 do:
537 4561 642 4600 accuses
659 4551 801 4612 utrobique
820 4555 897 4614 tibrl,
917 4558 995 4606 ettam
1015 4559 1096 4606 nostrl
1114 4556 1179 4611 iv..
1201 4556 1232 4607 11.
1253 4581 1284 4593 -
1305 4558 1348 4608 13.
1368 4559 1444 4610 audi·

124 4637 181 4681 tum
199 4630 231 4680 Τ.
254 4652 282 4663 -
303 4627 420 4677 aestimet
438 4620 516 4672 l’A'l’.
535 4645 568 4656 -
587 4620 631 4669 14.
650 4632 727 4682 nepes
744 4621 846 4672 PART.
867 4649 899 4661 -
919 4627 961 4676 15.
980 4626 1102 4676 auditam
1119 4627 1175 4676 AT.
1195 4652 1228 4664 -
1246 4627 1289 4678 13.
1309 4632 1444 4680 existimo·

124 4701 162 4750 btt
181 4701 204 4750 a
222 4706 249 4750 ct
267 4706 319 4749 tres
337 4694 429 4746 oud:
458 4690 608 4744 aestimabit
626 4689 647 4740 11
667 4701 726 4740 curn
744 4692 791 4741 ΛΤ
810 4701 837 4744 et
856 4707 895 4756 pr.
915 4695 952 4757 P,
971 4697 1146 4747 aestimabunt
1165 4710 1204 4761 pr.
1225 4696 1256 4746 Ρ.
1277 4722 1305 4734 -
1337 4699 1380 4749 33.
1400 4715 1444 4752 ae·

124 4784 172 4834 que
189 4772 303 4821 denotas
321 4774 360 4817 est
377 4777 459 4829 neque
476 4762 549 4812 domt
566 4768 646 4811 nutus
663 4768 701 4811 est
719 4761 812 4814 euna
830 4767 946 4829 altique:
976 4779 1059 4828 neque
1075 4768 1147 4817 domt
1162 4775 1244 4818 notos
1261 4783 1342 4833 neque
1359 4772 1442 4822 doee-

124 4848 166 4891 ωε
182 4846 219 4892 est
239 4842 269 4890 e.
290 4861 322 4872 -
340 4837 385 4887 2¹1.
404 4833 603 4900 reprehenditur
620 4830 697 4883 ΡΑΤ.
720 4857 748 4871 -·
781 4836 825 4885 33.
844 4837 911 4886 illud
928 4842 1071 4888 extremum
1087 4837 1198 4889 PART:
1218 4844 1361 4892 extremam
1376 4841 1443 4894 ettae

125 4912 157 4963 11.
177 4937 209 4950 -
228 4911 272 4962 33.
292 4911 337 4974 gat
354 4906 424 4958 ART
444 4910 470 4959 et
487 4914 555 4958 corr.
573 4901 615 4954 P:
633 4903 691 4970 gete
707 4904 740 4955 11.
759 4900 822 4972 (οιιι.
842 4919 882 4971 pr.
901 4904 944 4964 P.)
964 4932 993 4947 -
1013 4906 1058 4960 36.
1077 4909 1275 4978 reprehenditur
1291 4910 1393 4966 Pam.
