3216 5400
618 251 693 317 LIB.
715 251 740 317 Ι.
784 250 817 316 C.
840 251 870 317 4.
893 253 923 317 5.
945 252 977 316 θ.
1405 250 1444 316 91

119 433 245 479 omnem
278 413 416 478 rhetoris
448 414 479 476 vi
512 420 544 478 et
576 409 707 477 artificio
741 413 911 488 contineri,
950 432 1064 498 magno
1105 433 1201 496 opere
1237 409 1446 476 dissentimus.

120 513 226 590 Quare
247 511 330 573 banc
352 509 523 573 oratoriam
544 507 720 571 facultatem
743 509 775 571 in
798 527 836 570 eo
859 527 973 591 genere
996 527 1169 592 ponemus,
1199 514 1234 571 ut
1255 527 1325 571 eam
1347 505 1447 570 civilis

120 604 268 669 scientiae
290 609 411 687 partem
433 622 501 666 esse
531 603 680 666 dicamus.
740 599 885 666 Officium
914 610 1018 665 autem
1046 601 1113 665 cius
1141 600 1294 665 facultatis
1323 602 1449 664 videtur

120 719 189 763 esse
212 699 319 762 dicere
341 695 483 781 apposite
505 698 543 762 ad
567 697 818 776 persuasionem
853 693 924 759 finis
952 694 1142 777 persuadere
1164 694 1314 760 dictione.
1360 695 1448 758 Inter

122 791 258 857 oflicium
281 802 311 855 et
333 788 427 854 linem
448 793 509 856 hoc
530 792 678 864 interest,
703 787 788 873 quod
809 791 841 852 in
864 787 980 864 officio,
1004 791 1079 874 quid
1103 789 1188 863 lieri,
1212 791 1244 852 in
1262 786 1343 865 fine,
1368 786 1470 873 quida

121 885 225 953 officio
248 887 433 961 conveniat,
466 884 691 949 consideratur.
737 886 775 947 Ut
795 885 909 948 medici
933 882 1069 948 officium
1092 882 1223 948 dicimus
1245 901 1448 948 assecurare

120 980 159 1046 ad
182 982 352 1045 sanandum
376 978 538 1062 apposite,
561 978 655 1043 finem
677 999 788 1042 sanare
811 978 990 1056 curatione;
1014 979 1103 1053 item,
1127 981 1261 1043 oratoris
1283 980 1358 1062 quid
1381 974 1451 1041 offi-

121 1079 204 1141 cium
234 1084 266 1141 et
294 1076 368 1160 quid
397 1073 491 1138 linem
514 1096 583 1138 esse
610 1077 768 1146 dicamus,
803 1073 1034 1157 intelligemus,
1069 1095 1139 1138 cum
1167 1076 1211 1149 id,
1235 1076 1320 1159 quod
1342 1072 1446 1137 lacere

121 1168 233 1244 debet,
267 1168 404 1235 officium
432 1190 501 1235 esse
531 1172 692 1244 dicemus,
725 1167 820 1244 illud,
856 1170 944 1232 cuius
967 1189 1060 1233 causa
1082 1168 1185 1233 lacere
1207 1170 1322 1244 debet,
1355 1165 1449 1231 linem

122 1266 363 1351 appellabimus.
1456 1277 1487 1319 1⁰

205 1363 236 1423 7.
272 1359 433 1425 Materiam
461 1362 536 1424 artis
567 1380 636 1422 eam
664 1359 812 1433 dicimus,
844 1360 877 1423 in
908 1380 969 1443 qua
997 1357 1098 1422 omnis
1121 1379 1170 1422 ars
1193 1365 1225 1423 et
1246 1378 1283 1422 ea
1304 1354 1447 1432 facultas,

122 1474 203 1538 quae
226 1451 395 1520 'conficitur
424 1475 464 1521 ex
494 1465 576 1528 arte,
607 1463 760 1517 versatur.
806 1456 844 1517 Ut
872 1453 898 1517 si
927 1455 1102 1518 medicinae
1125 1454 1289 1517 materiam
1311 1449 1450 1516 dicamus

121 1550 306 1612 morbosae
330 1552 478 1624 vulnera,
503 1551 588 1634 quod
609 1552 640 1611 in
662 1550 710 1611 lris
731 1550 832 1612 omnis
854 1546 1009 1612 medicina
1034 1555 1192 1621 versetur,
1216 1545 1308 1622 item,
1334 1544 1449 1629 quibus

121 1641 154 1705 in
176 1644 272 1706 rebus
293 1655 435 1708 versatur
458 1664 508 1707 ars
531 1651 563 1708 et
584 1642 714 1706 facultas
737 1643 891 1716 oratoria,
916 1663 969 1706 eas
994 1661 1047 1705 res
1069 1641 1232 1706 materiam
1254 1639 1329 1706 artis
1345 1642 1451 1704 rheto-

121 1735 207 1799 ricae
228 1741 436 1801 nominamus.
480 1741 544 1802 llas
566 1746 668 1801 autem
692 1756 743 1799 res
759 1736 810 1798 alii
823 1738 948 1821 plures,
973 1735 1027 1799 alii
1043 1738 1205 1819 pauciores
1221 1735 1446 1800 existimarunt.
1458 1758 1486 1803 as

123 1833 201 1893 Nam
224 1833 355 1915 Gorgias
377 1832 564 1906 Leontinus,
599 1829 833 1913 antiquissimus
854 1828 922 1893 lere
944 1830 1073 1904 rbetor,
1108 1835 1254 1895 omnibus
1285 1832 1324 1894 de
1353 1833 1449 1895 rebus

124 1933 281 1988 oratorem
311 1926 428 2008 optime
457 1947 551 2009 posse
581 1926 686 1988 dicere
710 1924 909 1988 existimavit.
955 1924 1015 1988 Hie
1037 1923 1188 1989 infinitam
1212 1934 1243 1988 et
1264 1925 1449 1989 immensam

122 2023 195 2083 huic
221 2017 353 2083 artificio
382 2020 544 2084 materiam
575 2017 730 2082 subiicere
758 2020 893 2081 videtur.
947 2020 1131 2083 Aristoteles
1154 2029 1277 2093 autem,
1301 2020 1353 2104 qui
1378 2017 1450 2082 bule

124 2115 182 2177 arti
204 2115 338 2198 plurima
361 2116 541 2178 adiumenta
562 2121 654 2196 atque
676 2121 859 2176 ornamenta
881 2114 1141 2187 subministravit,
1176 2115 1278 2178 tribus
1299 2115 1332 2179 in
1356 2133 1451 2198 gene·

124 2210 210 2271 ribus
232 2229 337 2271 rerum
359 2210 479 2272 versari
501 2207 637 2272 rhetoris
659 2206 798 2271 officium
819 2209 961 2292 putavit,
992 2209 1259 2284 demonstrativo,
1295 2212 1488 2273 delibera-so

125 2304 209 2377 tivo,
242 2301 390 2367 iudiciali.
436 2301 722 2368 Demonstrativum
749 2311 815 2378 est,
850 2303 934 2385 quod
964 2303 1111 2367 tribuitur
1138 2303 1171 2366 in
1193 2304 1324 2368 alicuius
1346 2314 1450 2369 certae

124 2417 277 2480 personae
306 2400 432 2462 laudem
461 2407 514 2462 aut
542 2396 820 2481 vituperationem
854 2394 1109 2471 deliberativum,
1145 2400 1230 2480 quod
1259 2398 1396 2480 positum
1418 2398 1450 2463 iu

125 2491 349 2575 disceptatione
382 2501 413 2556 et
442 2491 668 2556 consultatione
697 2491 782 2554 civili
810 2489 905 2555 babet
932 2492 963 2552 in
986 2511 1019 2553 se
1051 2491 1222 2556 sententiae
1258 2493 1448 2571 dictionem3

124 2585 282 2660 iudiciale,
316 2589 400 2671 quod
429 2585 565 2669 positum
595 2586 628 2649 in
656 2585 774 2650 iudicio
803 2582 897 2648 habet
925 2583 957 2646 in
980 2603 1014 2646 se
1036 2584 1266 2649 accusationem
1290 2595 1321 2651 et
1343 2585 1451 2652 delen·

125 2681 244 2744 sionem
286 2688 339 2744 aut
375 2679 558 2766 petitionem
593 2686 624 2743 et
657 2679 896 2744 recusationem.
953 2681 1011 2751 Et,
1048 2677 1311 2762 quemadmodum
1343 2691 1488 2745 nostram

126 2778 251 2859 quidem
280 2774 340 2840 fert
366 2775 495 2858 opinio,
530 2773 663 2838 oratoris
694 2794 745 2838 ars
776 2781 808 2837 et
836 2771 966 2836 facultas
995 2772 1027 2836 in
1055 2772 1112 2836 bae
1135 2773 1267 2839 materia
1295 2775 1451 2858 tripertita

124 2869 244 2935 versari
266 2870 470 2934 existimanda
486 2879 542 2934 est.
588 2871 639 2932 Vl.
663 2872 691 2932 8.
715 2872 794 2932 Nam
817 2870 1027 2950 Hermagoras
1050 2866 1178 2950 quidem
1201 2888 1259 2931 nec
1279 2868 1352 2952 quid
1369 2868 1453 2932 dicat

125 2968 286 3028 attendere
310 2986 367 3027 nec
389 2962 464 3046 quid
486 2963 672 3048 polliceatur
693 2962 868 3045 intelligere
891 2959 1031 3036 videtur,
1056 2960 1109 3047 qui
1132 2961 1266 3027 oratoris
1285 2964 1451 3027 materiam

125 3061 156 3122 in
187 3079 311 3123 causam
338 3067 370 3121 et
396 3060 428 3122 in
459 3057 675 3142 quaestionem
704 3054 832 3122 dividat.
885 3059 1016 3121 Causam
1045 3075 1114 3120 esse
1145 3055 1219 3121 dicit
1248 3077 1335 3132 rem,
1370 3077 1452 3142 quae

125 3152 237 3217 babeat
267 3156 298 3216 in
326 3173 360 3216 se
393 3154 637 3216 controversiam
660 3151 848 3216 indicendo
871 3155 1002 3232 positam
1026 3171 1096 3214 eum
1120 3171 1327 3234 personarum
1352 3162 1490 3225 certa-so

125 3269 194 3313 rum
217 3245 456 3331 interpositione
469 3268 478 3324 ;
513 3266 606 3331 quam
634 3267 692 3310 nos
721 3266 848 3330 quoque
871 3244 989 3308 oratori
1012 3243 1144 3309 dicimus
1167 3266 1235 3310 esse
1258 3242 1450 3310 attributam.

125 3347 202 3405 Nam
226 3350 288 3405 tres
310 3339 339 3403 ei
362 3347 491 3422 partes,
516 3361 594 3422 quas
617 3348 688 3404 ante
710 3343 865 3414 diximus,
890 3344 1111 3423 supponimus,
1143 3339 1343 3416 iudicialem,
1376 3339 1454 3406 dell-

126 3435 319 3509 berativam,
355 3431 640 3497 demonstrativam.
686 3434 910 3510 Quaestionem
942 3444 1046 3499 autem
1078 3454 1145 3498 eam
1177 3437 1334 3520 appellat,
1373 3455 1453 3522 quse

125 3533 239 3594 habeat
267 3527 299 3592 in
328 3547 362 3591 se
391 3527 634 3593 controversiam
665 3527 697 3591 in
721 3529 853 3591 dicendo
877 3527 1009 3613 positam
1031 3531 1098 3592 sine
1122 3539 1277 3594 certarum
1300 3550 1453 3617 persona·

126 3644 194 3687 rum
219 3621 477 3707 interpositione,
510 3621 548 3686 ad
573 3625 654 3686 hunc
677 3622 828 3686 modumz
864 3621 980 3707 Ecquid
1004 3622 1043 3689 sit
1065 3626 1182 3688 bonum
1207 3633 1333 3707 praeter
1355 3628 1490 3696 bone-ss

126 3720 262 3779 statem?
294 3715 411 3780 Verine
440 3717 502 3780 sint
528 3722 664 3781 sensust
701 3719 789 3794 Quae
818 3721 858 3782 sit
887 3715 996 3781 mundi
1026 3716 1154 3781 format
1192 3719 1282 3795 Quae
1311 3723 1351 3783 sit
1377 3717 1453 3784 solis

126 3813 329 3894 magnitudo?
366 3813 452 3888 Quas
480 3811 679 3897 quaestiones
706 3813 817 3897 procul
844 3809 883 3874 ab
912 3810 1045 3876 oratoris
1075 3810 1181 3877 officio
1202 3820 1339 3876 remotas
1361 3810 1453 3875 facile

127 3926 235 3971 omnes
266 3904 443 3987 intelligere
464 3906 687 3971 existimamus.
732 3909 825 3978 Nam,
860 3903 973 3988 quibus
1001 3904 1033 3968 in
1063 3904 1156 3969 rebus
1185 3925 1306 3970 summa
1328 3904 1455 3989 ingenia

126 4000 382 4086 philosophorum
415 4000 550 4086 plurimo
579 4020 650 4066 cum
679 3998 790 4064 labore
823 4007 1005 4082 consumpta
1029 3999 1250 4084 intelligimus,
1287 4019 1339 4064 eas
1373 3999 1453 4063 sicut

127 4095 245 4179 aliquas
276 4114 388 4179 parvas
420 4115 472 4160 res
502 4097 618 4160 oratori
648 4094 818 4160 attribuere
847 4113 957 4178 magna
988 4094 1123 4159 amentia
1152 4097 1285 4159 videtur.
1332 4091 1491 4170 Quodsim

127 4209 269 4271 magnam
290 4189 323 4253 in
344 4189 393 4253 his
415 4192 627 4274 Hermagoras
648 4190 808 4254 habuisset
829 4187 1006 4252 facultatem
1028 4189 1129 4253 studio
1146 4198 1177 4252 et
1190 4186 1352 4272 disciplina
1367 4207 1453 4251 eom·

126 4291 286 4368 paratam,
324 4282 485 4348 videretur
514 4283 613 4349 fretus
642 4304 698 4349 sua
726 4284 855 4348 seientia
881 4281 992 4347 falsum
1022 4281 1169 4368 quiddam
1192 4280 1390 4347 constituisse
1413 4282 1452 4346 do

129 4410 334 4418 ——---—-

197 4486 223 4533 l.
243 4483 349 4534 Habent
367 4484 392 4533 b.
414 4485 432 4534 l.
451 4500 549 4548 magno
567 4486 726 4549 opersdT,
757 4492 786 4534 ut
804 4499 851 4534 nos
871 4486 972 4549 ubique
991 4484 1106 4535 scribere
1124 4484 1248 4534 solemus.
1279 4506 1309 4519 -
1341 4484 1366 4533 5.
1394 4483 1454 4550 uspi-

127 4557 195 4604 ctum
214 4554 324 4605 PART:
354 4554 471 4619 officium
490 4564 577 4606 autem
596 4558 625 4607 ll.
646 4582 677 4592 —
705 4557 731 4610 8.
751 4557 921 4619 intelligimus
938 4582 949 4594 ·
968 4582 977 4593 ·
997 4557 1107 4605 dicimus
1125 4578 1136 4590 ·
1154 4579 1164 4589 ·
1184 4553 1346 4614 appellamus
1369 4553 1399 4603 P.
1421 4579 1450 4593 -

126 4628 170 4675 15.
189 4628 375 4676 existimarunt
395 4628 478 4677 Pau:
496 4629 713 4677 existimauerunt
732 4627 807 4676 VRE.
828 4652 860 4662 -
880 4628 923 4676 2³.
943 4628 1128 4688 disceptatione
1144 4627 1168 4672 et
1187 4623 1380 4674 consultatione
1399 4638 1452 4678 on.

126 4696 189 4751 AT:
210 4709 250 4744 vv.
273 4704 297 4744 et
316 4698 506 4748 consultatione
525 4700 659 4748 dumtaxat
677 4711 728 4747 om.
751 4705 801 4747 tres
821 4697 913 4755 oud,
941 4701 997 4758 tpso
1024 4694 1363 4756 pneumaticasque,
1390 4696 1453 4747 add.

127 4770 154 4816 tn
173 4767 290 4816 eiusdem
310 4781 361 4829 mg.
382 4767 450 4819 Sane
468 4772 616 4830 suspicione
636 4781 686 4817 non
706 4774 806 4820 carent.
832 4794 864 4815 -ι
891 4769 936 4816 29.
963 4767 1036 4815 dicut
1055 4764 1112 4822 PT,
1142 4768 1205 4814 ttern
1225 4778 1293 4815 corr.
1315 4766 1355 4827 A,
1376 4773 1402 4818 ct
1420 4780 1453 4820 aa

127 4838 184 4886 attts
197 4835 292 4888 Graes.
312 4837 356 4887 Est
368 4848 455 4889 autem
474 4840 680 4888 accommodatto
694 4838 726 4888 ud
740 4853 765 4891 v·
779 4839 890 4890 diuidat.
911 4843 938 4887 et
950 4839 1083 4888 tndleattv.
1103 4835 1208 4892 firmant
1222 4837 1268 4892 vu
1281 4843 1307 4891 et
1319 4850 1360 4902 pr.
1374 4841 1407 4888 A·
1421 4859 1451 4873 -

127 4906 171 4958 36.
191 4906 264 4974 Quae
280 4909 315 4965 sit
332 4907 395 4966 tulit
414 4909 544 4964 vatur:
566 4909 639 4972 Quos
656 4910 720 4959 solta
739 4915 805 4976 (out.
825 4907 881 4982 alt.)
898 4909 929 4967 E,
