3232 5392
166 239 231 308 266
603 288 608 299 .
695 235 758 301 DE.
770 236 959 304 ORATORE

164 422 373 490 nequeamus,
396 399 611 484 etquomodo
632 393 861 473 simultatem,
885 417 940 477 os,
965 419 1079 476 venas,
1102 398 1239 479 ¹vultum,
1262 403 1372 470 oculos
1395 426 1489 475 occu-

164 506 235 585 pet,
259 495 375 563 viderit
393 492 603 558 Democritus.
648 493 757 575 Neque
779 491 862 557 enim
884 491 923 558 ad
944 496 1027 559 hunc
1047 514 1225 561 sermonem
1246 500 1307 563 hoc
1327 503 1486 584 pertinet,

166 601 215 669 et,
236 593 262 657 si
284 592 475 674 pertineret,
499 584 618 651 nescire
640 607 691 650 me
712 595 817 650 tamen
839 588 872 651 id
892 607 957 653 non
978 590 1130 671 puderet,
1163 593 1249 674 quod
1270 612 1311 657 ne
1332 594 1392 678 ipsi
1417 596 1486 680 qui-

165 684 238 752 dem
258 683 305 750 illi
326 686 456 755 scirent,
489 681 544 767 qui
565 677 802 762 pollicerentur.
845 684 919 752 236.
953 685 1057 747 Locus
1087 691 1190 748 autam
1223 692 1256 749 et
1287 686 1376 772 regio
1397 690 1487 773 quasi

142 779 290 849 tridiculi
326 777 407 863 (nam
429 773 463 841 id
483 776 627 861 proximo
655 773 827 860 quaeritur)
859 776 1051 864 turpitudine
1073 785 1106 842 et
1126 777 1324 847 deformitate
1352 781 1487 867 quadam

165 876 352 943 continetur.
394 873 480 936 Haec
502 868 586 936 enim
607 868 750 936 ridentur
778 872 829 935 ret
861 870 929 936 sola
959 870 1011 937 rel
1030 872 1185 949 maxime,
1223 895 1304 962 quae
1325 884 1436 942 notant
1456 883 1489 942 et

163 969 329 1054 designant
348 964 576 1051 turpitudinem
597 963 732 1052 aliquam
755 985 819 1032 non
848 967 991 1052 turpiter.
1035 970 1093 1033 Est
1119 976 1241 1045 autern,
1277 978 1313 1035 ut
1339 974 1377 1036 ad
1408 970 1486 1038 iliud

163 1065 291 1133 tertium
312 1061 453 1137 reniam,
478 1068 526 1126 eet
545 1063 640 1144 plane
660 1059 796 1126 oratoris
817 1079 947 1126 movere
969 1063 1082 1140 risum;
1111 1062 1164 1128 vel
1184 1062 1270 1150 quod
1289 1064 1357 1151 ipsa
1378 1067 1488 1132 hilari-

163 1170 210 1225 tas
231 1156 485 1225 benevolentiam
506 1153 653 1220 conciliat
674 1153 721 1232 ei,
755 1174 927 1241 perquem
949 1156 1083 1222 excitata
1104 1164 1164 1225 ost:
1202 1161 1253 1225 vel
1280 1159 1365 1245 quod
1387 1159 1487 1226 admi-

127 1261 274 1319 ttrantur
303 1273 412 1318 omnes
442 1270 590 1325 acumen,
624 1270 688 1315 uno
716 1270 809 1336 saepe
831 1249 863 1315 in
885 1255 983 1316 verbo
1005 1255 1159 1335 positum,
1194 1253 1331 1320 maxima
1352 1276 1484 1340 reupon-

164 1346 282 1422 dentia,
316 1366 540 1432 nonnunquam
571 1345 664 1409 etiam
692 1343 889 1423 lacessentis;
925 1346 976 1411 vei
1002 1348 1087 1432 quod
1114 1348 1230 1433 trangit
1250 1350 1484 1426 adversarium,

164 1446 250 1532 quod
263 1443 413 1526 impedit,
437 1437 521 1526 quod
537 1442 657 1515 elevat,
683 1438 768 1526 qnod
784 1443 936 1512 deterret,
959 1438 1044 1526 quod
1057 1442 1190 1506 refutat:
1214 1445 1266 1508 rel
1281 1446 1367 1527 quod
1380 1442 1487 1528 ipsum

164 1548 324 1605 oratorem
352 1534 485 1623 politum
514 1554 582 1598 esse
603 1532 762 1598 hominem
785 1531 955 1619 significat,
979 1536 1064 1619 quod
1086 1534 1261 1613 eruditum,
1285 1539 1487 1621 66616166-

163 1654 255 1709 num,
278 1632 479 1717 maximeque
494 1631 579 1715 quod
595 1627 748 1693 tristitiam
763 1647 799 1692 ac
824 1627 1023 1692 severitatem
1046 1628 1167 1713 mitigat
1189 1634 1372 1708 etrelaxat,
1397 1631 1488 1698 odio·

125 1743 154 1784 11
164 1747 276 1813 sasque
298 1746 347 1792 raa
368 1745 480 1810 saepe,
516 1743 594 1810 quaa
622 1723 814 1806 argumentis
843 1721 920 1786 dilui
943 1742 1006 1788 oon
1026 1723 1118 1788 facile
1149 1731 1214 1800 est,
1250 1727 1322 1791 ioco
1350 1728 1482 1815 nanque

164 1823 317 1887 diaaolvit.
361 1823 436 1885 237.
461 1820 621 1896 Quatenus
643 1825 747 1882 eutem
769 1817 831 1881 sint
850 1816 990 1894 ridicula
1001 1820 1161 1883 tractanda
1175 1824 1310 1897 oratori,
1333 1841 1485 1908 perquem

162 1915 328 2000 diligenter
348 1914 518 1980 ridendum
541 1919 605 1986 est,
629 1909 661 1974 id
683 1913 769 1996 quod
790 1908 824 1975 in
845 1918 957 1996 quarto
979 1913 1053 1977 loco
1075 1913 1246 1997 quaerendi
1267 1935 1485 2001 posueramus.

162 2013 239 2075 Nem
261 2031 320 2074 nec
341 2006 471 2091 insignis
492 2006 676 2092 improbitas
709 2013 741 2070 et
770 2006 888 2070 scelere
917 2003 1040 2082 iuncta,
1075 2027 1134 2071 neo
1161 2029 1269 2074 rursus
1290 2009 1416 2075 miseria
1438 2010 1486 2075 in·

161 2105 259 2188 cignis
280 2102 394 2188 agitata
414 2102 547 2166 ridetur.
592 2101 800 2166 Facinorosos
821 2100 905 2163 enim
927 2099 1048 2166 maiore
1070 2105 1206 2188 quadam
1227 2103 1261 2168 ri
1290 2125 1383 2192 quam
1410 2104 1487 2171 ridi·

124 2214 153 2256 ¹⁰
161 2197 223 2265 culi
256 2195 414 2264 vulnerari
445 2194 571 2261 volunt:
609 2197 741 2259 miseros
766 2192 856 2258 illudi
885 2193 1012 2268 nolunt,
1044 2196 1154 2277 nisisi
1176 2217 1210 2261 se
1231 2194 1313 2263 sorte
1353 2197 1481 2264 iactant.

161 2293 357 2358 Parcendum
379 2298 426 2356 est
448 2296 552 2356 autem
573 2288 709 2355 maxime
730 2286 850 2354 caritati
872 2288 1052 2365 hominum,
1077 2312 1116 2355 ne
1131 2298 1251 2357 temere
1266 2293 1300 2357 in
1315 2312 1369 2358 eos
1385 2291 1482 2370 dicas,

162 2389 217 2473 qui
238 2385 421 2470 diliguntur.
467 2387 548 2450 th.
572 2386 648 2450 236.
672 2384 757 2448 llaec
770 2382 866 2466 igitur
883 2382 1059 2448 adhibenda
1081 2391 1128 2448 eat
1148 2387 1284 2468 primum
1302 2385 1335 2450 in
1350 2386 1484 2453 iocando

163 2480 350 2547 moderatio.
394 2483 501 2565 ltaque
523 2497 560 2543 ea
582 2476 727 2542 facillime
748 2479 919 2553 luduntur,
955 2498 1035 2563 quae
1057 2498 1161 2562 noque
1182 2481 1256 2544 odio
1286 2500 1399 2564 magno
1429 2502 1485 2546 ne-

162 2596 225 2662 qoe
247 2576 462 2641 misericordia
484 2571 619 2637 maxima
641 2574 736 2656 digna
756 2580 836 2637 sunt.
881 2570 1094 2650 Quamobrem
1115 2571 1262 2638 materies
1284 2573 1386 2637 omnia
1407 2573 1485 2639 ridi·

125 2672 307 2737 ctculorum
330 2677 377 2735 est
398 2670 431 2732 in
453 2668 520 2732 istis
542 2666 645 2742 vitiis,
678 2687 759 2752 quac
782 2675 855 2730 sunt
875 2666 908 2731 in
930 2667 994 2730 vita
1016 2664 1179 2731 hominum
1207 2686 1311 2752 neque
1339 2687 1484 2733 carorum

162 2786 266 2850 neque
299 2762 550 2830 calamitosorum
594 2781 697 2847 neque
731 2780 860 2835 eorum,
904 2759 958 2847 qui
996 2755 1038 2824 ob
1070 2758 1191 2824 facinus
1224 2764 1263 2825 ad
1295 2760 1483 2847 supplicium

162 2856 304 2942 rapiendi
324 2859 489 2935 videntum
527 2875 626 2941 eaque
647 2854 729 2921 belle
750 2855 864 2939 agitata
885 2856 1037 2919 ridentur.
1082 2857 1156 2919 239.
1181 2859 1234 2919 Est
1255 2856 1350 2919 etiam
1372 2855 1480 2921 defor-

160 2954 276 3017 mitatis
299 2960 330 3015 et
351 2952 494 3038 corporis
515 2953 662 3016 vitiorum
685 2949 759 3014 satis
782 2947 860 3015 bella
884 2947 1032 3012 materies
1054 2950 1094 3012 ad
1109 2950 1292 3014 iocandum:
1317 2951 1373 3013 sed
1388 2971 1484 3035 quac·

163 3048 259 3112 rimus
281 3048 384 3123 idem,
413 3049 497 3133 quod
520 3047 552 3109 in
574 3046 687 3110 ceteris
709 3047 802 3108 rebus
824 3045 961 3108 maxime
983 3045 1198 3126 quaerendum
1220 3051 1286 3120 est,
1316 3052 1480 3130 quatenus.

125 3144 199 3206 ³⁰In
221 3163 283 3227 quo
307 3163 371 3205 non
393 3144 488 3206 modo
510 3138 586 3205 illud
608 3139 811 3224 praecipitur,
833 3157 872 3201 ne
894 3138 968 3221 quid
990 3137 1124 3213 insulse,
1147 3143 1202 3204 sed
1225 3140 1334 3214 etiam,
1357 3139 1483 3224 siquid

162 3234 351 3321 perridicule
373 3239 492 3321 possis,
515 3232 675 3298 vitandum
699 3239 746 3295 cst
767 3232 884 3296 oratori
905 3240 1087 3318 utrumque,
1110 3255 1150 3298 ne
1170 3240 1223 3297 aut
1237 3234 1378 3299 scurrilis
1393 3237 1482 3300 iocus

162 3333 203 3396 ait
223 3339 277 3396 aut
298 3330 453 3395 mimicus.
499 3330 588 3406 Quae
611 3325 786 3392 cuiusmodi
808 3327 886 3398 sint,
917 3323 1040 3391 facilius
1062 3329 1123 3392 iam
1151 3327 1377 3413 intelligemus,
1411 3351 1482 3395 cnm

162 3429 203 3490 ad
224 3427 291 3511 ipsa
310 3423 516 3490 ridiculorum
539 3443 656 3507 genera
676 3423 865 3486 venerimus.
1265 3468 1269 3474 .

246 3521 319 3584 210.
349 3521 421 3585 Duo
443 3526 514 3582 sunt
536 3519 619 3582 enim
641 3535 757 3600 genera
777 3513 975 3590 facetiarum,
1006 3536 1139 3602 quorum
1161 3516 1294 3583 alterum
1316 3538 1350 3583 re
1371 3526 1484 3584 tracta-

124 3625 153 3670 11
163 3621 231 3690 tur,
254 3613 386 3678 alterum
402 3611 497 3679 dicto.
520 3601 603 3687 lte,
628 3615 653 3675 si
669 3613 792 3695 quando
809 3613 883 3694 quid
898 3621 1053 3697 tamqnam
1069 3610 1172 3698 eliqua
1187 3611 1301 3677 sabella
1323 3621 1480 3687 narratur,

163 3717 199 3775 ut
219 3708 293 3773 olim
316 3715 368 3782 tu,
393 3710 522 3781 Crasse,
544 3708 577 3772 in
595 3706 795 3781 Memmium,
819 3708 1041 3771 comedisse
1064 3726 1150 3770 eum
1173 3709 1370 3771 lacertum
1392 3708 1483 3770 Lar-

79 3828 85 3850 ·
164 3802 215 3890 gi,
238 3821 310 3868 cum
331 3809 414 3867 esset
434 3822 505 3866 cum
528 3823 566 3864 eo
589 3801 775 3865 Tarracinae
797 3797 836 3864 de
858 3798 991 3865 amicula
1017 3800 1145 3868 rixatus.
1188 3799 1292 3876 Salsa,
1314 3820 1351 3865 ac
1378 3809 1483 3868 tamen

171 3960 259 3971 -ι

233 4062 259 4110 1.
279 4060 366 4110 ocutos
383 4057 486 4108 uultum
504 4057 587 4110 Codd.
607 4059 640 4111 at.
659 4059 716 4109 ΒΤ.
738 4083 765 4095 -
798 4058 825 4107 2.
845 4060 912 4108 cuim
930 4072 1014 4110 sermo
1032 4059 1073 4108 Ate
1093 4055 1124 4108 A.
1158 4081 1184 4093 —
1217 4058 1243 4110 ³.
1268 4066 1377 4123 putaret
1396 4061 1428 4110 A.
1448 4088 1480 4099 -

164 4144 198 4181 na
214 4132 266 4195 ipsi
283 4129 324 4180 1111
342 4130 445 4192 quidem
465 4129 503 4187 A,
531 4144 563 4180 ue
580 4131 631 4191 ipat
649 4129 751 4194 quidem
770 4128 810 4186 B,
841 4141 873 4177 nc
896 4128 937 4179 1111
955 4130 1056 4193 quidem
1074 4142 1134 4179 curn
1153 4130 1210 4179 alita
1229 4130 1260 4180 Τ.
1288 4156 1318 4166 -
1351 4130 1482 4183 616666
1524 4188 1531 4207 ι

165 4204 233 4254 cutm
250 4201 319 4250 61661
337 4201 473 4266 pulutat
491 4212 557 4262 cuce
574 4203 646 4263 racto
665 4201 742 4264 quusi
760 4205 797 4248 cat
815 4199 922 4248 ridiculi
939 4199 970 4249 Β.
999 4224 1032 4235 -
1062 4200 1088 4249 5.
1116 4201 1145 4249 td
1162 4201 1233 4263 cuod
1249 4203 1372 4263 proxima
1390 4201 1421 4250 Β.
1450 4229 1480 4240 -

165 4273 192 4323 7.
212 4273 325 4334 turpiter
342 4277 440 4321 teman.
459 4270 556 4320 111111.
578 4294 606 4305 -
626 4268 703 4334 11161]
721 4273 800 4320 ictum
818 4267 876 4327 (ato)
894 4270 927 4319 11.
950 4293 980 4305 -
1001 4271 1043 4319 11.
1063 4269 1104 4319 vel
1121 4273 1200 4320 ctiam
1217 4269 1320 4336 {coepit
1340 4272 1372 4321 Β.
1385 4297 1417 4308 -
1436 4273 1480 4323 12.
1506 4310 1513 4327 ,

169 4344 238 4393 16661
252 4342 307 4392 ΒΒ.
322 4367 353 4376 -
376 4341 418 4391 16.
432 4354 511 4404 uuum
524 4341 557 4390 Β.
576 4365 606 4376 -
626 4341 669 4390 17.
689 4343 717 4391 11
735 4355 794 4391 cum
809 4338 892 4390 Codd.
907 4340 940 4388 at.
956 4353 1007 4390 om.
1022 4339 1053 4389 T.
1074 4340 1141 4403 (Non
1154 4338 1245 4404 Aac.)
1261 4364 1288 4376 -
1312 4342 1355 4392 13.
1368 4341 1481 4392 Fucino·

164 4426 240 4462 recor
257 4411 364 4464 euimA
383 4411 499 4474 alliquo:
520 4412 692 4463 Fucinoroaoc
711 4410 772 4473 (Bt)
793 4410 848 4460 ΒΕ.
868 4435 901 4447 -
927 4412 970 4460 20.
989 4412 1095 4462 miseros
1114 4411 1192 4461 ittudt
1209 4411 1304 4462 nolunt
1322 4426 1374 4461 om.
1395 4414 1427 4463 A.
1449 4439 1479 4450 -

164 4487 193 4533 nt
211 4496 237 4532 co
255 4484 295 4541 A,
315 4483 367 4534 uici
383 4495 410 4532 aa
429 4481 513 4532 Codd.
533 4483 568 4532 al.
588 4482 643 4532 ΒΤ.
665 4506 696 4516 -
715 4483 759 4531 21.
779 4480 946 4531 Parcendum
965 4488 1053 4530 uotam
1070 4482 1093 4531 A
1111 4483 1229 4545 allique,
1249 4481 1292 4539 T,
1318 4482 1481 4533 Parcendum

165 4560 253 4604 cutam
270 4559 307 4604 act
325 4555 356 4603 Β.
376 4577 410 4588 -
427 4551 471 4601 23.
492 4554 585 4616 ltaque
604 4565 636 4601 66
651 4553 832 4602 misericordie
851 4553 944 4601 medtlc
963 4555 1064 4601 omtacls
1082 4555 1115 4602 A.
1136 4576 1167 4589 -
1199 4552 1242 4601 21.
1263 4557 1377 4604 omniurn
1394 4553 1427 4602 Β.
1449 4581 1478 4592 -

165 4625 208 4674 25.
229 4625 257 4673 16
274 4625 314 4673 laic
332 4621 415 4675 coeo.
434 4622 468 4673 al.
488 4622 520 4673 T.
540 4624 608 4688 (Non
626 4623 717 4676 Anu.)
737 4647 767 4659 -
792 4622 835 4671 26.
857 4623 991 4672 clerorum
1008 4622 1040 4672 11.
1063 4648 1092 4659 -
1124 4624 1168 4674 27.
1188 4625 1289 4687 6611661
1305 4625 1428 4674 videntur
1446 4626 1479 4676 A.

166 4720 197 4734 -
217 4695 260 4744 311.
280 4707 335 4743 nou
351 4692 430 4742 medo
449 4706 501 4744 orn.
521 4694 554 4745 A.
578 4716 604 4727 -
626 4694 690 4757 6611
708 4706 760 4743 om.
781 4691 813 4742 A.
835 4717 866 4728 -
885 4693 928 4742 32.
947 4695 1069 4743 iuimicus
1088 4694 1120 4743 Β.
1143 4721 1171 4732 -
1192 4694 1235 4744 31.
1255 4695 1314 4744 ouo
1332 4701 1394 4744 cunt
1414 4698 1481 4745 cutm

165 4763 210 4814 AB
229 4765 342 4828 altique:
363 4765 421 4814 Duo
439 4765 507 4814 carim
523 4771 585 4815 cunt
600 4764 655 4815 RB.
677 4791 705 4802 -
726 4763 769 4814 ³5.
789 4759 862 4829 quid]
882 4764 910 4812 id
929 4764 959 4812 Β.
976 4788 1007 4799 -
1026 4762 1069 4812 36.
1090 4764 1308 4815 commodissima:
1328 4763 1431 4815 666111.
1446 4791 1481 4802 —·

165 4836 249 4901 Lorpt
266 4833 351 4885 Codd.
370 4834 425 4884 al:
444 4835 539 4901 Lorpc't
556 4833 612 4899 (Ao
620 4831 650 4894 11
662 4832 719 4885 RE.
747 4857 778 4870 -
809 4833 853 4884 37.
872 4831 960 4897 Sotae]
980 4834 1081 4885 addunt
1098 4835 1141 4886 lrtc
1159 4843 1186 4886 et
1204 4841 1263 4899 poet
1280 4837 1404 4886 omittunt
1423 4842 1481 4888 totu

165 4905 222 4959 oo.
242 4927 276 4945 ·-
295 4905 453 4957 Tarracinae
472 4905 502 4956 11.
523 4930 554 4944 -
574 4918 607 4958 66
624 4909 711 4958 tumeo
728 4901 813 4956 chd.
833 4906 887 4970 at,
906 4906 947 4956 lt:
966 4911 1083 4956 arcumen
1102 4901 1143 4971 (11)
1162 4905 1193 4957 B.
