3216 5400
231 221 293 293 218
751 220 805 286 DE
828 221 1014 288 ORATORE

232 390 304 478 quia
324 386 483 454 Platonem
513 401 622 447 omnes
648 379 681 446 iu
708 381 770 446 illis
799 382 918 448 artibus
939 381 1240 469 praestantissimum
1261 384 1360 448 fuisse
1381 383 1549 450 fateantur.

231 487 304 550 218.
329 487 392 557 Ac,
423 477 533 544 eiiam
554 478 656 563 placet
677 485 890 542 omnesartes
912 480 1031 543 oratori
1053 475 1265 562 subiungere,
1285 477 1482 545 tolerabilius
1506 488 1553 546 est

231 581 276 644 sic
297 577 400 664 potius
421 573 543 646 dicere,
578 578 627 644 ut,
662 569 809 656 quoniam
835 570 958 635 dicendi
981 570 1111 637 facultas
1132 593 1197 637 non
1219 570 1334 637 debeat
1355 596 1424 640 csse
1446 574 1553 640 ieiuna

231 681 325 759 atquc
346 670 429 736 nuda
449 669 505 732 sed
526 684 653 752 aspersa
673 674 766 751 atque
788 666 932 729 distincta
954 666 1121 732 multarum
1142 689 1249 732 rerum
1264 668 1401 733 iucunda
1415 670 1552 755 quadam

209 766 399 842 ⁵varictatc,
424 766 464 829 sit
484 760 560 828 honi
581 764 714 827 oratoris
736 760 830 826 multa
848 760 977 826 auribus
991 760 1163 848 accepisse,
1186 761 1285 827 multa
1298 760 1431 838 vidisse,
1454 764 1553 827 multa

231 860 335 926 auimo
358 868 391 924 et
410 859 613 943 cogitatione,
644 858 741 921 multa
770 855 861 920 etiarn
893 854 1024 940 legendo
1046 858 1298 942 percucurrisse.
1332 879 1435 945 neque
1459 878 1499 922 ea
1520 865 1554 921 ut

231 977 287 1020 sua
316 951 492 1041 possedisse
520 955 576 1017 sed
605 960 640 1016 ut
668 952 767 1016 aliena
794 949 918 1016 libasse.
961 955 1075 1017 Fateor
1106 953 1190 1016 enim
1219 950 1366 1016 callidum
1394 955 1552 1039 quendam

231 1051 314 1115 hunc
336 1057 368 1113 et
387 1047 472 1112 nulla
492 1049 524 1111 in
546 1066 580 1110 re
602 1049 734 1112 tironem
757 1066 794 1111 ac
819 1048 931 1110 rudem
959 1066 1018 1110 nec
1043 1049 1245 1132 peregrinum
1273 1055 1367 1132 atquc
1394 1047 1551 1132 hospitem

231 1144 407 1227 iungendo
429 1163 498 1207 esse
521 1143 649 1206 dehere.
1044 1149 1048 1160 ·

193 1253 222 1293 1⁰
313 1240 366 1302 Ll.
397 1240 470 1303 219,
502 1239 609 1322 Neque
636 1255 711 1300 vcro
740 1234 808 1300 istis
836 1236 1005 1320 tragoediis
1036 1235 1114 1310 tuis,
1152 1232 1267 1321 quihus
1296 1237 1342 1299 uti
1371 1235 1551 1321 philosophi

230 1335 367 1399 maxime
396 1331 512 1407 solent,
546 1332 674 1405 Crasse,
708 1331 892 1416 perturbor,
929 1331 1013 1415 quod
1043 1331 1086 1393 ita
1114 1327 1245 1404 dixisti,
1280 1328 1436 1394 neminum
1457 1349 1552 1416 posse

231 1449 341 1494 eorum
363 1435 499 1501 mentes,
536 1426 590 1509 qui
619 1425 782 1500 audirent,
820 1432 874 1489 aut
894 1421 1089 1496 inflammare
1113 1422 1247 1489 dicendo
1269 1432 1322 1489 aut
1343 1422 1552 1489 inflammatas

231 1525 440 1608 restinguere,
474 1540 545 1585 cum
576 1540 614 1584 co
643 1520 779 1584 maxime
801 1522 849 1583 vis
871 1521 1005 1584 oratoris
1025 1517 1269 1605 magnitudoque
1292 1527 1455 1596 cernatur,
1492 1521 1552 1584 nisi

231 1618 285 1705 qui
317 1635 422 1681 rerum
455 1615 594 1679 omnium
622 1621 783 1689 naturam,
820 1633 926 1678 mores
953 1613 1115 1678 hominum
1144 1621 1237 1698 atque
1265 1613 1403 1680 rationes
1426 1615 1552 1700 penitus

194 1711 442 1799 1⁵perspexcrit,
470 1707 502 1773 in
524 1727 587 1792 quo
608 1705 807 1794 philosophia
829 1706 869 1771 sit
891 1706 1010 1773 oratori
1033 1708 1209 1771 necessario
1230 1707 1452 1795 percipienda;
1487 1727 1551 1793 quo

232 1807 264 1871 iu
294 1806 396 1871 studio
429 1801 591 1868 hominum
619 1821 745 1888 quoque
773 1799 1097 1884 ingeniosissimorum
1119 1801 1446 1890 otiosissimorumque
1470 1810 1550 1868 totas

232 1906 351 1965 aetates
380 1894 523 1962 videmus
552 1915 621 1960 esse
649 1895 816 1973 contritas;
854 1917 988 1983 quorum
1015 1917 1073 1980 ego
1097 1898 1220 1983 copiam
1242 1898 1552 1985 magnitudinemque

232 1991 420 2077 cognitionis
441 2000 533 2076 atque
554 1989 629 2053 artis
651 2009 715 2052 non
736 1990 831 2053 modo
854 2011 919 2054 non
941 1998 1127 2066 contemno,
1157 1994 1212 2055 sed
1235 1993 1328 2057 etiam
1350 1991 1553 2057 vehementer

232 2086 387 2152 admiror:
424 2086 517 2150 nohis
539 2091 658 2156 tamen,
692 2083 744 2168 qui
767 2084 800 2146 iu
821 2085 882 2150 hoc
904 2087 1022 2170 populo
1042 2085 1177 2170 foroque
1197 2104 1374 2163 versamur,
1408 2090 1483 2154 satis
1505 2094 1553 2152 est

195 2193 270 2249 ²⁰ea
292 2186 331 2248 de
351 2178 491 2246 moribus
512 2180 675 2243 hominum
698 2186 729 2242 et
749 2176 830 2243 scire
852 2185 884 2241 et
904 2175 1027 2253 dicere,
1056 2198 1136 2265 quac
1157 2200 1222 2243 nou
1243 2179 1417 2246 abhorrent
1434 2180 1474 2246 ab
1496 2185 1553 2247 ho-

234 2279 352 2343 minum
373 2272 524 2343 moribus.
567 2276 639 2337 220.
672 2271 750 2350 Quis
782 2270 865 2337 enim
897 2293 1033 2358 unquam
1063 2281 1173 2338 orator
1204 2294 1335 2358 maguus
1366 2283 1398 2338 et
1425 2277 1550 2360 gravis,

233 2395 304 2440 cum
325 2372 439 2438 iratum
461 2367 640 2435 adversario
663 2368 798 2430 iudicem
820 2364 924 2431 facere
945 2365 1055 2442 vellet,
1076 2367 1241 2432 haesitavit
1261 2367 1303 2432 oh
1325 2389 1395 2433 eam
1415 2391 1551 2445 causam,

233 2466 318 2556 quod
348 2466 499 2539 nesciret,
534 2461 609 2547 quid
636 2468 719 2526 essct
740 2458 917 2536 iracundia,
951 2460 1098 2526 fervorne
1120 2462 1232 2527 mentis
1254 2483 1293 2527 au
1315 2463 1469 2548 cupiditas
1494 2485 1553 2547 pu-

229 2562 339 2634 ,nicndi
369 2558 510 2626 dolorist
547 2559 643 2633 Quis,
678 2576 749 2620 cum
778 2564 900 2620 ceteros
922 2557 1099 2622 animorum
1120 2567 1224 2622 motus
1245 2565 1299 2622 aut
1320 2555 1478 2623 iudicibus
1500 2566 1554 2622 sut

195 2666 224 2708 ²⁵
234 2654 351 2744 populo
373 2655 503 2719 dicendo
526 2650 658 2714 miscere
680 2658 773 2733 atquc
795 2649 913 2734 agitare
935 2649 1044 2726 vellet,
1081 2650 1234 2724 audiuit,
1269 2671 1349 2736 quae
1372 2672 1391 2715 a
1414 2650 1553 2738 philoso-

234 2750 305 2835 phis
326 2747 387 2813 dici
409 2747 529 2812 solent?
565 2743 619 2831 qui
639 2746 751 2829 partim
773 2743 900 2809 omuino
925 2752 1027 2809 motus
1049 2753 1163 2829 negant
1183 2746 1217 2809 in
1237 2744 1352 2810 animis
1375 2745 1457 2811 ullos
1481 2764 1550 2811 esse

234 2848 369 2919 dehere,
393 2839 510 2928 quique
532 2860 588 2905 eos
609 2838 642 2903 iu
663 2838 801 2904 iudicum
822 2837 979 2904 mentibus
1000 2842 1173 2912 concitent,
1196 2839 1297 2905 scelus
1319 2861 1375 2906 eos
1397 2838 1552 2906 nefarium

233 2938 355 3016 facere;
376 2937 506 3019 partim,
530 2935 585 3021 qui
605 2933 834 2998 tolerabiliores
855 2935 965 2998 volunt
986 2955 1055 3000 csse
1077 2943 1109 2999 et
1130 2937 1170 2999 cd
1194 2933 1358 3000 veritatem
1379 2934 1463 3000 vitae
1479 2957 1553 3019 pro·

234 3035 304 3120 pius
326 3033 494 3106 accedere,
527 3029 760 3114 permediocres
781 3046 818 3091 ac
839 3027 942 3113 potius
963 3030 1050 3094 leves
1072 3037 1175 3093 motus
1197 3027 1316 3094 dehere
1338 3049 1407 3094 esse
1430 3027 1549 3095 dicunt.

197 3138 225 3179 ³⁰
234 3131 308 3192 221.
342 3129 457 3193 Orator
485 3133 590 3189 autem
619 3124 722 3188 omnia
743 3125 838 3199 haec,
869 3144 949 3208 quae
970 3131 1119 3207 putantur
1139 3125 1172 3187 in
1194 3122 1352 3189 communi
1374 3125 1456 3190 vitae
1478 3144 1554 3191 cou-

233 3219 397 3287 suetudine
418 3217 500 3284 mala
520 3237 556 3282 ac
577 3219 710 3283 molesta
731 3224 762 3281 ct
782 3214 944 3302 fugienda,
967 3220 1065 3283 multo
1086 3216 1207 3282 maiora
1221 3225 1252 3282 et
1266 3217 1432 3283 acerbiora
1447 3215 1552 3284 verbis

233 3311 328 3393 facit;
352 3317 489 3399 itemque
502 3334 559 3388 ca,
581 3332 661 3398 quae
673 3312 768 3397 vulgo
780 3309 952 3397 expetenda
966 3320 1059 3398 atque
1071 3312 1220 3395 optabilia
1233 3311 1395 3389 videntur,
1418 3313 1552 3379 dicendo

234 3405 401 3494 amplificat
420 3416 513 3494 atque
536 3414 645 3483 ornat,
669 3425 771 3492 neque
784 3405 850 3471 vult
863 3407 906 3471 ita
920 3405 1044 3490 sapiens
1059 3409 1140 3472 inter
1154 3409 1265 3473 stultos
1278 3406 1400 3484 videri,
1423 3408 1483 3486 uti,
1498 3409 1552 3496 qni

234 3503 377 3578 audiant,
400 3508 454 3566 aut
474 3500 561 3566 illum
584 3503 723 3583 ineptum
745 3508 777 3564 et
799 3500 984 3566 Graeculum
1006 3509 1118 3587 putent
1139 3510 1210 3578 sut,
1235 3502 1356 3567 etiamsi
1372 3502 1463 3568 valde
1478 3523 1553 3590 pro-

198 3607 226 3649 ³⁵
235 3600 311 3661 bent
332 3595 507 3680 ingenium,
540 3598 673 3662 oratoris
694 3596 878 3682 sapientiam
899 3593 1109 3670 admirentur,
1140 3615 1173 3660 se
1197 3616 1266 3661 esse
1287 3595 1398 3662 stultos
1419 3596 1552 3663 moleste

234 3692 352 3767 ferant3
388 3692 461 3754 211.
485 3694 540 3756 sed
561 3691 605 3756 ita
626 3698 772 3776 peragrat
793 3710 852 3776 per
872 3692 1009 3765 animos,
1036 3689 1079 3755 ita
1100 3710 1210 3754 sensus
1230 3689 1395 3756 homiuum
1417 3700 1553 3758 mentes·

235 3807 296 3871 quc
328 3790 509 3870 pertractat,
548 3792 583 3849 ut
613 3804 678 3848 nou
710 3782 868 3849 desideret
899 3782 1158 3871 philosophorum
1191 3782 1417 3871 descriptiones
1447 3806 1550 3873 neque

234 3877 379 3964 exquirat
400 3878 560 3955 oratione,
584 3898 740 3944 summum
760 3877 837 3944 illud
858 3882 977 3945 honum
997 3881 1030 3943 iu
1051 3879 1198 3943 animone
1219 3877 1320 3944 sitan
1341 3878 1551 3966 incorpore,

233 3975 348 4039 virtute
371 3993 410 4038 an
430 3972 589 4056 voluptate
611 3970 790 4051 definiatur;
824 3994 864 4038 au
885 3975 962 4038 haec
983 3976 1064 4038 inter
1085 3993 1119 4038 se
1141 3974 1228 4060 iungi
1250 3973 1457 4061 copularique
1479 3993 1553 4060 pos·

197 4067 310 4148 essint;
344 4089 383 4134 an
405 4088 500 4144 vero,
527 4075 563 4132 ut
583 4069 770 4155 quibusdam
791 4069 892 4134 visum
914 4075 976 4145 cst,
1006 4066 1086 4134 nihil
1106 4077 1227 4134 certum
1248 4070 1338 4145 sciri,
1360 4067 1437 4135 nihil
1459 4072 1553 4156 plane

303 4316 329 4366 1.
349 4316 467 4381 [utentur
492 4311 532 4372 B.
560 4312 742 4379 profiteantur
758 4312 791 4365 ll.
819 4338 850 4352 -
881 4312 1049 4366 33131311.
1080 4338 1109 4352 ·-
1141 4314 1167 4367 5.
1186 4316 1301 4368 ueritate
1317 4316 1350 4368 a.
1380 4341 1409 4352 -
1442 4311 1551 4380 adisse]

233 4385 338 4437 caduce
355 4386 389 4437 11.
411 4411 441 4422 -
460 4383 487 4436 3.
505 4387 700 4450 percucurrtsse
719 4385 802 4436 codd.
824 4386 878 4436 rh:
895 4386 1056 4447 percurrisse
1074 4386 1153 4437 BRE.
1175 4412 1204 4427 -
1224 4387 1251 4437 8.
1272 4402 1305 4438 cc
1322 4389 1447 4449 hospitem
1465 4385 1498 4439 n.
1521 4409 1551 4425 -·

233 4458 276 4506 11.
297 4458 349 4507 tstc
368 4456 419 4508 Gu-
440 4456 467 4506 1.
487 4462 513 4506 et
531 4455 643 4508 Ernesti!
664 4470 775 4520 operes.
796 4480 826 4494 ·-
859 4454 902 4506 13.
926 4469 983 4506 cum
1000 4458 1029 4506 to
1046 4468 1076 4508 eo
1094 4458 1128 4508 n.
1147 4482 1182 4494 -
1211 4457 1255 4508 18.
1275 4460 1322 4522 qut
1339 4460 1456 4510 omnium
1473 4465 1554 4509 nats·

233 4539 292 4576 rum
309 4539 443 4593 moresque
459 4526 567 4577 saltur.
586 4551 621 4562 -
649 4527 693 4577 20.
718 4529 750 4578 de
776 4525 894 4577 modius
910 4521 1055 4590 somnam]
1081 4528 1113 4579 de
1130 4528 1245 4580 metitus
1262 4531 1412 4580 catinorum
1429 4528 1553 4580 Erneetto

233 4606 341 4648 auctore
359 4598 506 4649 Schntrtus.
529 4621 557 4632 -
578 4597 622 4648 37.
642 4595 743 4661 qusque]
763 4600 810 4662 qut
826 4611 884 4648 eum
901 4597 962 4649 BR.
976 4622 1009 4635 -·
1028 4602 1159 4651 coement
1176 4599 1306 4651 mentitus
1323 4600 1357 4653 a.
1377 4624 1411 4638 -
1428 4598 1473 4650 33.
1491 4602 1554 4651 s‘tses

233 4667 317 4720 11.-
349 4666 393 4718 33.
422 4675 471 4718 cut
497 4664 656 4718 &secatum
683 4667 740 4720 tthrt
770 4674 797 4720 ct
814 4668 847 4719 a.
876 4667 994 4720 Corrertt
1011 4668 1146 4722 Pesrctus.
1166 4695 1196 4709 -
1225 4671 1269 4722 33.
1290 4670 1452 4736 septentiam
1470 4670 1554 4722 acted

234 4737 400 4788 admirentur
416 4737 450 4788 a.
471 4763 498 4776 -
521 4736 565 4788 33.
584 4739 706 4796 cetoros,
735 4740 775 4789 tto
792 4751 883 4789 seusus
900 4739 1034 4790 homiuum
1052 4739 1098 4806 Lg.
1120 4753 1230 4799 omnes,
1250 4741 1302 4793 Gu.
1321 4743 1369 4805 3.,
1388 4742 1428 4793 s:
1449 4745 1553 4792 nmmos

233 4807 386 4868 heminam,
405 4809 553 4858 ttoseusus
570 4808 698 4858 11111.-
719 4808 763 4859 38.
784 4812 929 4860 orationem
946 4812 977 4861 n.
992 4835 1024 4847 -
1042 4811 1087 4864 30.
1104 4814 1189 4864 eoum
1208 4818 1245 4863 est
1259 4812 1344 4865 Codd.
1364 4813 1399 4866 sl.
1415 4812 1552 4877 Ellendttt,

233 4875 268 4927 a.
288 4877 397 4929 Lentus
416 4881 502 4930 strues
518 4879 574 4931 311.
612 4877 720 4933 Setttcet
737 4879 830 4933 thero
846 4883 989 4946 scripserat
1005 4883 1124 4935 urceos.
