3232 5392
698 250 733 325 C.
754 252 808 320 39.
831 248 884 319 io.
1387 251 1449 321 501

139 421 260 501 sumpts
280 419 334 479 snt
354 409 435 478 maie
457 414 604 479 concines
623 413 858 499 reprehendere
880 419 912 480 et
932 413 1044 479 eadem
1062 410 1114 479 vel
1134 416 1265 498 anguste
1286 411 1451 491 disserere,

140 517 175 573 ut
194 505 346 572 dialectici
368 504 422 593 qni
444 506 657 593 appellentur,
687 507 756 586 vei,
783 516 819 574 nt
840 515 999 573 oratorem
1021 510 1130 585 decet,
1163 509 1225 573 lete
1247 526 1452 592 expromere,

139 601 221 668 illius
249 601 480 668 exercitationis
506 608 539 667 et
564 601 718 668 subtiliter
744 600 922 689 disputandi
944 602 1125 687 etcopiose
1147 603 1270 667 dicendi
1291 603 1367 667 ortis
1391 610 1450 669 est.

141 696 212 759 1t0.
245 697 292 760 De
313 693 405 761 bonis
424 716 502 761 vero
524 695 621 763 rebus
641 704 673 762 et
696 696 801 772 maiis,
835 695 944 783 eequis
964 695 1095 783 iniquis,
1126 695 1254 763 ntilibns
1278 694 1451 773 inutilibus,

138 791 276 855 honestis
297 787 441 873 turpibus
461 811 554 878 prem
575 798 680 878 potest
700 790 818 857 hebere
839 799 948 879 erutor
966 790 1032 857 sine
1047 790 1109 857 iilis
1124 789 1330 857 maximarum
1343 810 1476 856 resume

139 884 258 950 ortibus
279 882 454 951 facultatem
476 892 532 952 ant
551 884 693 973 copiam?
727 888 835 964 Quare
855 889 933 952 haec
953 885 1011 952 tibi
1033 888 1109 963 sint,
1143 884 1186 952 mi
1208 887 1336 963 Cicero,
1371 904 1454 972 quoe

140 978 290 1065 exposui,
314 981 402 1066 quusi
423 980 536 1047 indicis
556 980 691 1046 fontium
712 979 855 1059 iiiornm3
877 981 916 1045 nd
933 1001 1014 1067 quos
1028 980 1057 1046 si
1070 978 1161 1047 nobis
1183 977 1299 1046 eisdem
1321 978 1454 1046 ducibus

139 1071 247 1139 aliisve
268 1074 466 1160 perveneris,
486 1084 553 1143 tum
572 1083 606 1141 et
624 1078 703 1142 hoec
722 1076 790 1163 ipsc
812 1073 924 1141 meiius
945 1083 979 1141 et
998 1074 1096 1141 molto
1117 1074 1237 1141 meiero
1257 1073 1317 1140 niis
1336 1093 1455 1160 cogno·

139 1185 220 1233 scos.
265 1168 298 1235 C.
312 1170 348 1234 1².
371 1173 438 1255 Ego
460 1190 555 1247 vero,
584 1188 621 1234 sc
641 1190 757 1256 magno
778 1168 905 1255 quidem
927 1166 1048 1247 studio,
1077 1170 1121 1235 mi
1142 1177 1251 1256 pates-3
1287 1166 1454 1256 multisque

140 1283 179 1326 ex
200 1260 262 1327 tuis
283 1263 535 1349 praeclarissimis
557 1266 741 1333 muneribus
761 1263 882 1331 nullum
902 1261 1003 1331 meins
1024 1271 1183 1351 exspecto.
1462 1284 1491 1329 so

208 1508 236 1560 ἱ.
256 1522 406 1576 expromere
424 1511 475 1565 Gn.
495 1513 581 1567 oron.
600 1514 682 1574 atter.
701 1513 764 1566 Yvr
796 1515 941 1580 sepum
957 1513 1014 1567 RB.
1041 1539 1070 1553 -
1102 1512 1128 1567 8.
1148 1511 1181 1567 v.
1201 1513 1269 1567 orto
1285 1509 1392 1567 seclusit
1408 1510 1456 1565 Rr-

140 1582 249 1634 nestins·
269 1606 300 1619 -
319 1582 345 1636 8.
365 1588 420 1635 tum
436 1581 472 1650 ot]
491 1590 547 1636 tuos
562 1585 644 1638 ettam
660 1584 692 1636 V·
713 1611 743 1624 -
761 1584 827 1639 inec
843 1599 896 1638 ons.
911 1583 969 1639 RV.
