3232 5392
197 231 273 296 ,232
684 235 692 244 ’
738 230 792 297 DE
815 230 1003 295 ORATORE

210 389 327 456 dentis!
350 388 427 455 illud
448 386 574 476 quidem
596 395 702 464 certe,
724 407 789 454 non
809 389 903 453 nimis
925 386 1112 466 verecundi;
1136 390 1190 474 qui
1212 390 1362 475 quidem,
1388 411 1460 456 cum
1483 400 1528 468 te,

210 487 335 561 Catule,
373 493 437 548 tum
467 485 561 548 etiam
588 485 624 546 L.
649 483 761 548 Crasso
790 486 958 559 audiente,
996 482 1035 548 de
1057 483 1182 548 dicendi
1204 486 1324 551 ratione
1346 493 1411 551 tam
1432 485 1529 552 multa

209 579 363 655 dixerim;
401 600 473 642 nam
501 576 633 643 istorum
661 585 747 642 aetas
775 579 879 643 minus
908 599 959 642 me
987 578 1122 642 fortasse
1153 597 1280 644 movere
1303 580 1422 644 debuit.
1468 582 1528 645 Sed

208 673 285 738 mibi
312 673 480 758 ignoscetis
507 668 665 755 prolecto,
701 673 727 737 si
756 675 871 749 modo,
906 693 986 759 quae
1014 693 1107 737 causa
1135 695 1185 737 me
1206 672 1245 738 ad
1261 677 1347 758 *bano
1368 674 1526 740 insolitam

186 766 286 832 smihi
316 767 536 852 loquacitatem
568 767 745 850 impulerit,
782 767 976 853 acceperitis.
1021 770 1195 832 LXXXIX.
1226 771 1299 832 362.
1338 772 1402 834 Nos
1431 790 1526 846 vero,

206 864 307 948 inquit
327 859 452 928 Catulus
472 897 514 910 -
535 859 650 926 etenim
672 881 731 948 pro
752 881 803 926 me
825 864 885 926 boc
907 868 937 925 et
958 882 1017 948 pro
1038 882 1111 928 meo
1132 860 1230 928 fratre
1257 862 1437 949 respondeo
1467 901 1527 938 —,

206 977 269 1023 non
296 957 392 1021 modo
419 955 479 1021 tibi
505 954 715 1040 ignoscimus,
752 957 808 1021 sed
832 963 861 1020 te
882 954 1040 1039 diligimus
1062 975 1268 1043 magnamque
1289 956 1346 1022 tibi
1374 960 1528 1024 habemus

205 1055 353 1136 gratiam3
387 1058 419 1114 et
440 1072 511 1116 cum
532 1053 758 1118 humanitatem
781 1058 813 1114 et
832 1050 1011 1116 facilitatem
1034 1050 1233 1135 agnoscimus
1255 1058 1360 1128 tuam,
1384 1060 1450 1118 tum
1473 1056 1528 1118 ad-

205 1149 356 1212 miramur
375 1143 466 1210 istam
488 1144 651 1211 scientiam
672 1152 704 1210 et
724 1147 860 1231 copiam.
905 1147 1059 1230 Equidem
1082 1144 1176 1210 etiam
1200 1148 1260 1209 hoo
1281 1167 1331 1211 me
1350 1158 1526 1215 assecutum

167 1248 301 1328 ppulo,
339 1238 424 1326 quod
455 1261 569 1324 magno
599 1261 668 1306 sum
695 1241 817 1304 levatus
846 1260 955 1305 errore
985 1248 1017 1304 et
1039 1239 1092 1305 ille
1121 1241 1329 1305 admiratione
1355 1240 1525 1318 liberatus,

206 1338 290 1421 quod
318 1333 423 1399 multis
451 1356 522 1400 cum
548 1333 617 1400 aliis
638 1353 763 1421 semper
784 1333 932 1398 admirari
955 1332 1116 1410 solebam,
1154 1332 1238 1398 unde
1261 1344 1343 1401 esset
1365 1336 1420 1401 illa
1442 1346 1526 1402 mom

204 1438 257 1494 tua
278 1428 312 1494 in
335 1431 436 1494 causis
457 1428 614 1494 divinitas.
658 1433 722 1494 Nec
744 1430 826 1493 enim
849 1437 881 1493 te
903 1428 963 1492 ista
984 1428 1121 1513 attigisse
1143 1427 1337 1505 arbitrabar,
1362 1451 1443 1517 quae
1459 1430 1528 1496 dili-

205 1525 384 1610 gentissime
412 1544 565 1608 cognosse
595 1532 627 1589 et
646 1523 786 1610 undique
808 1522 972 1606 collegisse
994 1543 1116 1607 usuque
1139 1525 1264 1588 doctum
1286 1527 1399 1610 partim
1422 1546 1527 1590 corre·

203 1619 287 1685 xisse
308 1620 417 1694 rideo,
453 1618 567 1705 partim
589 1621 824 1705 comprobasse.
869 1621 942 1682 363.
980 1619 1088 1705 Neque
1117 1637 1157 1683 eo
1185 1617 1287 1683 minus
1316 1617 1525 1706 eloquentiam

167 1722 289 1790 ,stuam
312 1721 343 1778 et
363 1709 582 1797 multomagis
602 1714 748 1778 virtutem
772 1718 803 1777 et
831 1711 1024 1796 diligentiam
1051 1714 1190 1777 admiror
1218 1722 1249 1777 et
1278 1712 1372 1778 simul
1402 1711 1525 1798 gaudeo

203 1807 352 1875 iudicium
373 1810 468 1873 animi
490 1807 553 1873 mei
574 1808 793 1894 comprobari,
816 1809 902 1894 quod
924 1826 1049 1891 semper
1069 1806 1163 1872 stetui
1181 1806 1338 1871 nerninem
1354 1809 1525 1893 sapientiae

202 1904 327 1968 laudem
349 1910 381 1967 et
402 1902 598 1987 eloquentiae
619 1904 686 1968 sine
708 1921 829 1966 summo
852 1899 957 1967 studio
980 1910 1011 1966 et
1031 1899 1141 1966 labore
1164 1910 1196 1966 et
1217 1902 1358 1967 doctrina
1373 1904 1524 1988 consequi

202 2018 307 2085 posse.
353 1996 415 2062 Sed
435 2005 540 2061 tamen
562 1996 710 2083 quidnam
733 2004 780 2061 est
801 1997 851 2071 id,
876 1998 961 2080 quod
983 1996 1105 2072 dixisti,
1127 1992 1218 2072 lore,
1247 2004 1281 2061 ut
1303 1995 1359 2061 tibi
1380 1998 1523 2082 ignosce·

203 2113 325 2169 remus,
357 2091 384 2157 si
405 2111 644 2178 cognossemus,
679 2111 759 2175 quae
781 2098 812 2154 te
834 2111 926 2155 causa
947 2089 980 2154 in
1002 2109 1180 2156 sermonem
1202 2091 1398 2176 impulisset?
1435 2092 1524 2168 Quae

165 2197 250 2259 esest
280 2186 364 2252 enim
395 2187 455 2252 alia
487 2207 595 2262 causa,
628 2184 689 2250 nisi
716 2183 801 2271 quod
828 2183 920 2250 nobis
942 2192 974 2249 et
994 2187 1109 2251 borum
1132 2184 1379 2250 adolescentium
1402 2187 1524 2260 studio,

203 2283 256 2369 qui
277 2291 309 2347 te
331 2283 537 2347 attentissime
559 2267 741 2355 audierunt,
775 2300 896 2344 morem
917 2298 1029 2363 gerere
1056 2277 1204 2345 voluisti?
1240 2283 1312 2345 Sdl.
1341 2282 1420 2347 Tum
1448 2280 1522 2356 ille,

201 2377 366 2453 Adimere,
396 2376 514 2462 inquit,
549 2395 674 2440 omnem
696 2376 927 2439 recusationem
950 2374 1063 2438 Crasso
1084 2372 1187 2449 volui,
1217 2395 1310 2461 quem
1333 2396 1391 2460 ego
1415 2377 1523 2462 paullo

196 2473 339 2539 sciebam
360 2470 412 2536 vel
439 2471 607 2558 pudentius
636 2468 687 2534 vel
713 2469 840 2534 invitius
871 2467 956 2552 [nolo
978 2466 1060 2532 enim
1083 2466 1189 2533 dicere
1212 2470 1250 2532 de
1272 2477 1335 2533 tam
1358 2469 1447 2537 suavi
1470 2473 1526 2534 bo·

203 2572 286 2634 mine
306 2565 507 2650 fastidiosius)
542 2568 582 2630 ad
610 2563 670 2630 boc
694 2583 792 2650 genus
813 2563 968 2630 sermonis
991 2565 1151 2627 accedere.
1197 2562 1281 2641 Quid
1303 2565 1386 2629 enim
1409 2565 1526 2649 poterit

165 2666 330 2730 aedicere?
353 2662 555 2728 Consularem
569 2682 604 2725 se
619 2680 687 2725 esse
708 2659 868 2726 bominem
889 2667 921 2723 et
940 2658 1141 2723 censorium?
1163 2656 1280 2723 Eadem
1303 2667 1410 2723 nostra
1432 2678 1527 2722 causa

203 2767 259 2824 est.
301 2761 348 2822 lln
370 2762 502 2820 aetatem
524 2753 655 2819 aberet?
690 2752 904 2832 Quadriennio
925 2752 1028 2817 minor
1050 2759 1108 2816 est.
1153 2754 1201 2817 lln
1222 2773 1257 2817 se
1278 2754 1358 2817 baec
1380 2755 1553 2824 nesciret,

204 2854 292 2930 Quae
314 2871 373 2934 ego
395 2870 486 2926 sero,
521 2870 602 2936 quac
624 2848 741 2915 cursim
762 2847 899 2932 arripui,
923 2868 1003 2933 quae
1025 2845 1189 2911 subsicivis
1211 2848 1334 2932 operis,
1363 2855 1399 2913 ut
1420 2849 1523 2921 aiunt,

201 2946 260 3011 iste
282 2967 300 3009 a
321 2965 440 3030 puero,
464 2964 585 3009 summo
608 2944 729 3018 studio,
752 2945 881 3007 summis
903 2940 1098 3007 doctoribus.
1143 2940 1227 3006 Nihil
1250 2941 1350 3008 dicam
1374 2944 1413 3006 de
1436 2946 1523 3026 inge-

201 3040 272 3116 nio,
311 3040 361 3104 cui
389 3060 447 3126 par
468 3059 560 3103 nemo
582 3035 649 3101 fuit.
691 3039 814 3101 Etenim
838 3056 888 3101 me
910 3038 1066 3100 dicentem
1087 3037 1141 3120 qui
1163 3033 1313 3111 audierit,
1348 3058 1442 3101 nemo
1467 3057 1525 3101 un-

166 3156 295 3222 soquam
317 3143 380 3199 tam
403 3136 452 3200 sui
474 3132 648 3219 despiciens
669 3131 744 3207 fuit,
767 3134 841 3218 quin
864 3139 1007 3215 speraret
1027 3139 1080 3195 aut
1102 3130 1213 3196 melius
1230 3141 1285 3196 aut
1299 3135 1412 3197 eodem
1427 3131 1524 3197 modo

203 3252 237 3295 se
257 3251 352 3313 posse
375 3231 496 3294 dicere:
534 3229 647 3292 Crasso
677 3229 802 3292 dicente
834 3247 927 3291 nemo
956 3236 1019 3292 tam
1048 3245 1217 3311 arrogans,
1252 3225 1305 3312 qui
1328 3225 1469 3290 similiter
1490 3246 1524 3290 se

202 3344 338 3409 uuquam
360 3325 515 3388 dicturum
537 3344 605 3387 esse
627 3320 810 3387 confideret.
857 3323 1087 3400 Quamobrem,
1109 3341 1150 3386 ne
1169 3317 1286 3386 frustra
1307 3319 1340 3386 bi
1363 3323 1441 3385 tales
1463 3320 1523 3386 viri

197 3419 365 3492 uenerint,
401 3426 430 3482 te
453 3420 638 3503 aliquando,
667 3419 789 3491 Crasse,
817 3420 990 3482 audiamus.
1032 3416 1099 3480 XC.
1124 3417 1196 3480 365.
1219 3418 1299 3479 Tum
1320 3413 1390 3491 ille,
1423 3417 1460 3492 Ut
1481 3413 1523 3478 ita

203 3512 263 3574 ista
285 3532 352 3575 esse
376 3510 560 3584 concedam,
585 3510 704 3595 iuquit,
733 3512 865 3585 Antoni,
896 3532 975 3597 quae
998 3518 1070 3574 sunt
1090 3508 1183 3594 longe
1205 3530 1313 3586 secus,
1349 3507 1425 3595 quid
1448 3508 1523 3573 mihi

168 3614 238 3673 astu
266 3607 390 3668 tandem
418 3607 529 3678 hodie,
566 3613 620 3669 aut
649 3607 794 3690 cuiquam
821 3604 956 3678 bomini,
994 3602 1077 3690 quod
1107 3606 1168 3668 dici
1195 3605 1311 3690 possit,
1347 3603 1523 3690 reliquisti‘l

204 3699 310 3763 Dicam
334 3698 418 3762 enim
439 3721 533 3774 vere,
562 3699 740 3762 amicissimi
762 3702 921 3774 homiues,
950 3701 1035 3783 quod
1056 3700 1176 3763 sentio:
1211 3719 1306 3781 saepe
1329 3719 1388 3782 ego
1413 3700 1522 3762 doctos

195 3795 361 3867 -bomines,
385 3795 461 3877 quid
483 3792 553 3857 dico
576 3798 690 3878 saepe?
726 3793 823 3859 immo
844 3813 1084 3876 nonnunquam;
1119 3813 1214 3878 saepe
1236 3795 1319 3856 enim
1341 3794 1395 3878 qui
1417 3791 1520 3875 potui,

205 3891 259 3975 qui
280 3909 358 3974 puer
387 3892 417 3952 in
446 3887 550 3952 forum
580 3890 720 3952 venerim
742 3908 844 3974 neque
867 3886 939 3951 inde
961 3908 1099 3971 unquam
1122 3886 1240 3951 diutius
1262 3907 1354 3973 quam
1375 3895 1522 3973 quaestor

205 3981 384 4047 abfuerim‘l
407 3985 467 4046 Sed
492 3993 595 4046 tamen
617 3983 741 4057 audivi,
770 3990 806 4045 ut
827 3979 896 4045 heri
917 3978 1078 4057 dicebam,
1107 3989 1137 4044 et
1159 3979 1287 4044 Athenis
1311 4000 1381 4044 cum
1403 4001 1519 4053 essem,

167 4104 195 4145 eo
205 4077 401 4143 doctissimos
422 4077 526 4154 viros,
563 4085 595 4141 et
616 4075 647 4140 iu
669 4078 740 4141 Asia
762 4077 854 4140 istum
876 4077 978 4161 ipsum
1003 4077 1164 4158 Scepsium
1185 4077 1416 4150 Metrodorum,
1451 4095 1521 4139 cum

274 4275 299 4324 1.
319 4271 378 4322 cnnt
396 4272 480 4322 ABR:
502 4280 556 4323 tum
574 4272 604 4322 ll.
625 4296 656 4307 -
683 4270 710 4320 6.
729 4282 841 4319 menon
858 4269 895 4319 nd
913 4269 967 4319 ΑΒ.
987 4267 1052 4331 (non
1070 4270 1177 4321 tortasse
1197 4282 1243 4332 pro
1262 4283 1352 4330 ncne,
1372 4275 1401 4319 ut
1421 4263 1470 4332 ne)
1489 4291 1523 4303 -

204 4344 231 4394 6.
251 4344 365 4407 spondeo
393 4343 472 4393 ABR.
501 4367 534 4378 -
563 4344 589 4392 6.
608 4343 773 4391 humanitate
792 4342 822 4390 lt.
843 4364 872 4378 -
899 4341 924 4390 3.
946 4342 1025 4390 etiam
1045 4355 1097 4390 om.
1118 4341 1150 4391 ll.
1173 4366 1202 4378 -
1232 4342 1275 4391 11Ι
1296 4341 1345 4390 etit
1363 4340 1393 4389 B.
1414 4363 1446 4373 -
1478 4339 1521 4389 13.

200 4422 305 4476 portem
323 4439 333 4449 ·
350 4439 360 4449 ·
377 4421 480 4475 portem
499 4414 554 4463 ΑΒ.
582 4439 615 4449 —-
644 4413 686 4462 18.
707 4413 805 4462 idom.
826 4411 880 4461 ΑΒ.
902 4437 931 4449 -
964 4412 1121 4474 iqnoscerem
1139 4411 1168 4460 B.
1197 4437 1226 4449 -
1259 4410 1302 4461 13.
1323 4423 1471 4475 cognossem
1490 4409 1522 4468 B,

205 4498 383 4549 cognoscemus
403 4489 434 4534 n.
455 4511 486 4521 -
505 4485 635 4534 intulisset
653 4484 686 4533 ll.
707 4509 735 4519 -
767 4483 810 4531 20.
831 4487 855 4530 et
872 4495 923 4532 om.
944 4482 977 4531 ll.
998 4509 1029 4518 -
1048 4484 1092 4534 21.
1111 4482 1230 4531 volniatis
1249 4481 1280 4532 Α.
1312 4507 1341 4518 -
1369 4481 1413 4531 22.
1430 4481 1523 4542 paullo

205 4563 265 4606 onte
282 4557 391 4605 sciebam
409 4557 464 4607 ΑΒ.
485 4581 512 4594 -
542 4556 586 4605 25.
608 4566 660 4605 ease
679 4568 730 4603 om.
751 4551 832 4602 ABR.
851 4576 886 4589 -
911 4553 953 4603 26.
974 4565 1001 4602 se
1018 4553 1080 4603 boec
1098 4554 1160 4603 AB:
1188 4565 1216 4601 se
1235 4550 1298 4615 (om.
1318 4550 1393 4615 boec)
1412 4550 1470 4600 llll.
1492 4577 1520 4587 -

204 4626 248 4676 27.
269 4627 391 4676 subsicivi
409 4629 463 4677 ΑΒ.
491 4649 522 4661 -
555 4625 599 4675 23.
618 4621 808 4685 medicantem]
829 4622 985 4674 dedicantem
1009 4624 1062 4673 ab.
1084 4649 1115 4660 -
1146 4625 1251 4673 audiret
1270 4622 1324 4672 ab.
1344 4647 1372 4658 -
1405 4622 1524 4671 33111111

204 4699 248 4744 eui
266 4711 318 4747 orn.
340 4698 393 4746 ΑΒ.
415 4723 446 4733 -
475 4698 519 4747 31.
537 4695 738 4761 quinetmde'tcr
756 4695 810 4744 ab.
831 4720 864 4731 -
894 4695 938 4744 ss.
958 4697 1011 4744 tatu
1029 4707 1081 4745 om.
1100 4696 1132 4744 Α.
1154 4720 1182 4730 -
1216 4690 1302 4755 lonqe]
1320 4693 1470 4743 eumenii.
1491 4716 1521 4729 -

203 4766 247 4816 35.
267 4774 296 4815 tu
316 4783 368 4818 orn.
388 4768 443 4818 ΑΒ.
465 4795 496 4804 -
527 4769 649 4832 quiquam
669 4765 706 4830 (td
725 4772 782 4816 est:
802 4765 974 4830 quoiquam)
993 4765 1047 4814 ab.
1075 4789 1106 4802 -
1134 4763 1178 4814 36.
1198 4778 1244 4829 eqo
1264 4777 1316 4814 om.
1336 4763 1392 4812 ΑΒ.
1422 4788 1448 4800 -
1477 4761 1521 4814 33.

203 4838 249 4899 qni
265 4836 340 4900 pun]
361 4840 453 4901 quique
471 4838 525 4887 ΑΒ.
557 4863 585 4873 -
613 4853 659 4891 nee
677 4852 691 4891 e
710 4836 793 4888 Codd·
813 4838 913 4901 aliquot
931 4836 963 4886 T.
983 4859 1015 4872 -
1042 4834 1086 4886 33.
1107 4836 1227 4902 affuerim
1245 4835 1276 4884 Β.
1306 4859 1335 4872 ·-
1367 4834 1413 4884 63.
1438 4836 1523 4898 ipsum

202 4911 281 4958 istum
300 4909 330 4961 B.
350 4934 383 4945 -
402 4910 533 4973 Scepttnm
551 4909 606 4959 llll.
