3232 5392
178 193 242 260 eso
395 169 401 181 '
765 193 918 258 neurus

177 375 243 421 non
272 354 433 427 laborare,
467 358 502 418 ut
529 350 678 416 meliores
705 349 796 430 fiant;
833 350 918 418 nulla
944 354 1028 417 enim
1055 373 1108 418 res
1131 361 1250 421 tantum
1273 359 1315 421 ad
1339 352 1509 423 dicendum

177 447 319 534 prolicit,
354 454 503 535 quantum
532 445 680 531 scriptio':
718 448 903 511 memoriam
931 455 1038 513 autem
1065 449 1099 511 in
1127 458 1291 533 posterum
1313 448 1440 534 ingenii
1462 450 1508 516 sni

176 564 242 610 non
264 542 460 617 desiderant,
495 561 567 605 cum
596 561 631 605 se
651 548 761 626 putant
782 541 855 606 satis
877 562 1021 626 magnam
1044 541 1176 626 adeptos
1198 564 1269 609 esse
1291 541 1423 608 dicendi
1445 541 1507 627 glo·

85 704 88 709 ,
176 641 256 704 riam
287 656 419 723 eamque
447 636 541 699 etiam
570 633 724 700 maiorem
750 636 852 702 visum
879 634 936 711 iri,
970 638 997 702 si
1018 637 1052 700 in
1073 636 1321 704 existimantium
1342 635 1508 704 arbitrium

152 754 233 799 ssua
263 735 378 815 scripta
405 750 469 795 non
498 728 661 793 venerint:
699 727 794 805 alios,
830 731 915 815 quod
948 729 1059 796 melius
1088 739 1199 816 putent
1226 734 1334 798 dicere
1356 754 1393 799 se
1416 752 1507 819 posse

175 849 268 916 quam
282 829 440 903 scribere;
463 826 549 911 qnod
566 823 795 908 peringeniosis
817 823 999 889 hominibus
1021 846 1124 912 neque
1147 824 1221 891 satis
1244 829 1347 893 doctis
1368 830 1507 914 plerum·

175 944 236 1009 quo
259 920 429 1005 contingit,
453 928 488 983 ut
508 916 571 1001 ipsi
594 919 731 996 Galbae;
756 922 807 983 93.
831 939 924 1005 quem
946 916 1081 986 fortasse
1101 920 1149 985 vis
1170 941 1235 986 non
1257 923 1378 1005 ingenii
1393 920 1506 999 solum,

173 1021 229 1083 sed
251 1019 345 1083 etiam
366 1013 462 1079 animi
485 1019 517 1077 et
537 1012 687 1078 naturalis
709 1010 836 1099 quidam
858 1014 952 1078 dolor
979 1016 1137 1080 dicentem
1165 1016 1357 1081 incendebat
1391 1013 1509 1082 efficie-

172 1114 303 1198 batque,
325 1117 360 1175 ut
380 1117 412 1174 et
432 1109 560 1173 incitata
580 1114 613 1173 et
633 1109 737 1192 gravis
759 1116 791 1172 et
811 1111 979 1173 vehemens
1001 1119 1084 1175 esset
1105 1110 1225 1175 oratio:
1247 1111 1322 1175 dein
1336 1130 1411 1175 curn
1426 1109 1509 1175 otio-

133 1223 225 1272 sosus
247 1204 352 1270 stilum
373 1202 584 1289 prehenderat
603 1210 772 1287 motusque
794 1205 896 1268 omnis
918 1203 1012 1268 animi
1035 1211 1193 1291 tamquam
1211 1213 1323 1270 ventus
1337 1206 1507 1270 bominem

171 1301 348 1376 deiecerat,
372 1293 576 1363 flaccescebat
597 1296 715 1362 oratio:
747 1295 833 1382 quod
854 1298 912 1373 iis,
936 1299 998 1382 qui·
1013 1296 1149 1365 limatius
1170 1296 1297 1365 dicendi
1319 1307 1509 1365 consectan-

169 1403 223 1461 tur
244 1414 358 1479 genus,
388 1394 531 1457 accidere
553 1411 618 1456 non
640 1392 739 1467 solet,
776 1399 948 1477 propteroa
969 1395 1054 1479 quod
1076 1391 1243 1478 prudentia
1264 1414 1432 1480 nunquam
1454 1396 1509 1459 de·

168 1487 234 1553 ficit
256 1495 432 1563 oratorem,
455 1507 518 1574 qna
539 1484 593 1549 ille
615 1492 707 1550 utens
730 1482 843 1550 eodem
864 1484 959 1551 modo
982 1490 1080 1574 possit
1103 1495 1136 1551 et
1157 1489 1263 1553 dicere
1285 1497 1317 1553 et
1339 1490 1507 1567 scribere3

168 1585 265 1648 ardor
292 1580 389 1647 animi
417 1602 482 1648 non
510 1599 635 1667 semper
656 1581 760 1654 adest,
798 1578 888 1664 isque
910 1601 982 1646 cum
1004 1583 1164 1659 consedit,
1200 1584 1301 1649 omnis
1325 1582 1380 1648 illa
1404 1584 1509 1647 viset

128 1678 258 1764 aequasi
278 1675 402 1742 llamma
423 1673 558 1742 oratoris
580 1673 802 1759 exstinguitur.
847 1677 900 1739 ea.
935 1678 1023 1740 Hane
1044 1675 1139 1760 igitur
1161 1678 1203 1740 ob
1226 1697 1355 1743 eausam
1376 1678 1508 1744 videtur

166 1772 264 1839 Laelii
285 1793 374 1838 mens
395 1773 515 1857 spirare
537 1767 632 1835 etiam
653 1766 847 1853 inscriptis,
871 1767 988 1835 Galbae
1010 1777 1116 1835 autem
1139 1772 1186 1835 ris
1210 1773 1379 1837 occidisse.

248 1870 349 1935 XXV.
385 1869 525 1931 Fuerunt
552 1862 647 1928 etiam
675 1863 709 1927 in
737 1872 899 1928 oratorum
926 1884 1058 1929 numero
1085 1866 1291 1932 mediocrium
1320 1870 1359 1931 L.
1386 1872 1423 1931 et
1446 1867 1501 1952 sp.

163 1963 306 2030 Mummii
317 1961 445 2036 fratres,
468 1977 604 2043 quorum
620 1962 743 2021 exstant
752 1959 918 2023 amborum
930 1959 1109 2023 orationes:
1135 1960 1268 2045 simplex
1284 1962 1421 2047 quidem
1443 1963 1506 2024 Lu·

165 2060 232 2124 eius
254 2066 286 2122 et
306 2057 470 2141 antiquum
501 2052 634 2134 Spurius
656 2056 762 2115 autem
784 2049 884 2116 nihilo
907 2051 959 2116 ille
980 2050 1108 2138 quidem
1131 2058 1288 2132 ornatior,
1314 2058 1373 2121 sed
1394 2063 1506 2119 tamen

126 2150 361 2229 ttadstrictior3
384 2147 444 2213 luit
469 2146 553 2213 enim
577 2148 688 2211 doetus
711 2165 753 2210 ex
775 2144 940 2228 disciplina
959 2146 1149 2212 Stoicorum.
1194 2149 1312 2215 Multae
1332 2156 1413 2216 sunt
1447 2150 1503 2234 Sp.

163 2245 267 2314 Albini
281 2245 452 2312 orationes.
498 2246 578 2307 Sunt
598 2241 693 2306 etiam
711 2243 749 2304 L.
767 2247 799 2305 et
816 2239 1059 2306 C.Aureliorum
1071 2243 1273 2320 Orestarum,
1292 2265 1378 2331 quos
1392 2242 1501 2330 aliquo

163 2343 256 2408 video
291 2341 324 2405 in
356 2357 489 2405 numero
521 2342 686 2400 oratorum
714 2333 824 2405 luisse.
869 2336 922 2399 95.
956 2335 992 2399 Ρ.
1012 2336 1105 2399 etiam
1136 2335 1287 2421 Popillius
1318 2358 1396 2402 cum
1428 2337 1507 2402 ciris

164 2436 325 2522 egregius,
349 2444 416 2499 tum
437 2452 503 2497 non
524 2428 692 2495 indisertus
713 2426 791 2507 luit3
816 2431 850 2493 C.
866 2449 944 2494 vero
967 2427 1048 2494 lilius
1071 2429 1139 2495 eius
1157 2431 1312 2498 disertus:
1339 2434 1506 2517 Gaiusque

163 2530 335 2597 Tuditanus
356 2550 428 2595 eum
451 2523 536 2591 omni
558 2527 622 2590 vita
643 2530 737 2609 atque
759 2525 844 2588 victu
866 2523 1008 2589 excultus
1030 2532 1124 2608 atque
1139 2525 1318 2607 expolitus,
1348 2534 1420 2591 tum
1438 2525 1507 2592 eiua

124 2636 153 2678 ²⁵
163 2629 289 2710 elegans
321 2633 371 2689 est
398 2618 538 2686 habitum
567 2619 662 2683 etiam
692 2616 844 2683 orationis
871 2637 982 2703 genus.
1027 2619 1210 2704 Eodemque
1238 2621 1271 2684 in
1299 2641 1424 2705 genere
1459 2627 1507 2686 est

162 2722 287 2785 habitus
314 2719 361 2794 is,
397 2718 452 2803 qui
477 2713 593 2780 iniuria
620 2721 749 2796 accepta
773 2710 868 2796 lregit
893 2715 941 2778 Ti.
960 2715 1134 2778 Gracchum
1156 2713 1326 2796 patientia,
1365 2715 1451 2780 civis
1473 2715 1506 2781 in

161 2817 258 2881 rebus
280 2811 406 2900 optimis
430 2809 717 2883 constantissimus,
745 2809 788 2873 M.
804 2807 963 2871 Octavius.
1007 2812 1047 2872 At
1069 2827 1145 2873 vero
1166 2812 1208 2873 Μ.
1225 2811 1386 2875 Aemilius
1409 2809 1507 2896 Lepi·

162 2912 236 2985 dus,
260 2907 314 2993 qui
337 2914 385 2971 est
404 2904 537 2969 Porcina
558 2903 677 2978 dictus,
701 2900 813 2967 iisdem
836 2905 1031 2987 temporibus
1052 2900 1138 2978 lere,
1162 2901 1277 2989 quibus
1295 2902 1421 2980 Galba,
1448 2906 1504 2969 sed

160 3003 266 3090 paullo
289 3001 394 3066 minor
414 3007 505 3077 natu,
529 3004 561 3062 et
582 3017 722 3062 summus
744 3004 852 3061 orator
872 3005 919 3062 est
938 2998 1064 3062 habitus
1086 3006 1119 3062 et
1138 2996 1213 3074 tuit,
1243 3008 1278 3062 ut
1299 3007 1442 3085 apparet
1464 3021 1504 3066 ex

123 3098 374 3171 ³⁰orationibus,
408 3092 541 3178 scriptor
570 3112 644 3155 sane
673 3094 786 3154 bonus.
832 3092 884 3154 96.
920 3092 990 3156 Hoc
1014 3093 1048 3155 in
1070 3099 1197 3157 oratore
1218 3091 1333 3159 Latino
1357 3094 1502 3180 primunr

160 3190 237 3256 mihi
258 3191 383 3256 videtur
404 3197 436 3253 et
457 3187 567 3251 levitas
588 3182 772 3270 apparuisse
799 3183 854 3249 illa
883 3186 1077 3252 Graecorum
1100 3192 1132 3252 et
1152 3183 1325 3253 verbomm
1349 3209 1502 3273 eompre-

161 3284 272 3350 hensio
295 3291 327 3348 et
348 3284 410 3346 iam
430 3279 561 3354 artilex,
594 3287 630 3343 ut
651 3277 695 3344 ita
722 3278 844 3354 dicam,
877 3279 976 3345 stilus.
1021 3283 1113 3347 Hunc
1134 3284 1273 3348 studiose
1295 3281 1361 3348 duo
1389 3285 1502 3349 adole-

161 3386 284 3444 scentes
304 3373 548 3462 ingeniosissimi
563 3382 595 3438 et
609 3392 708 3459 prope
729 3374 875 3460 aequales
899 3374 934 3439 C.
951 3378 1053 3441 Garbo
1076 3384 1108 3440 et
1129 3379 1176 3442 Ti.
1195 3381 1355 3443 Gracchus
1384 3380 1502 3447 audire

161 3472 245 3538 soliti
265 3481 355 3550 sunt;
390 3475 429 3536 de
451 3468 565 3558 quibus
586 3470 648 3532 iam
671 3467 795 3533 dicendi
818 3469 906 3532 locus
929 3472 1006 3546 erit,
1035 3491 1106 3535 cum
1129 3473 1168 3536 de
1189 3474 1372 3539 senioribus
1397 3494 1502 3560 pauca

123 3566 283 3633 ³⁵dixero.
327 3568 366 3643 Q.
382 3565 465 3631 enim
487 3562 654 3647 Pompeius
676 3584 741 3628 non
768 3571 963 3649 contemptus
985 3573 1094 3629 orator
1113 3566 1308 3651 temporibus
1331 3567 1400 3633 illis
1423 3571 1500 3647 luit,

162 3660 216 3749 qui
245 3680 384 3726 summos
416 3663 555 3724 honores
584 3660 682 3722 bomo
710 3677 770 3743 per
797 3678 831 3722 se
858 3658 1003 3743 cognitus
1030 3662 1098 3725 sine
1126 3661 1190 3726 ulla
1214 3664 1502 3731 commendatione

160 3754 317 3822 maiorum
339 3764 387 3820 est
408 3753 549 3836 adeptus.
593 3754 645 3816 97.
669 3755 749 3816 Tum
769 3755 807 3817 L.
822 3752 945 3819 Cassius
966 3753 1096 3820 multum
1116 3757 1235 3838 potuit,
1258 3778 1322 3823 non
1337 3757 1502 3846 eloquen-

161 3851 223 3927 tia,
247 3851 304 3913 sed
325 3850 459 3914 dicendo
480 3855 603 3925 tamen;
626 3848 725 3911 homo
746 3866 810 3912 non
830 3845 1034 3923 liberalitate,
1057 3853 1092 3913 ut
1113 3848 1183 3924 alii,
1207 3854 1263 3914 sed
1277 3851 1347 3938 ipsa
1364 3855 1502 3922 tristitia

161 3951 194 4008 et
219 3944 388 4008 severitate
415 3941 592 4028 popularis:
628 3941 717 4006 cuius
745 3944 871 4027 quidem
898 3942 961 4027 legi
987 3938 1166 4021 tabellariae
1188 3946 1229 4008 Μ.
1244 3945 1356 4011 Antius
1380 3951 1498 4026 Briso,

122 4053 151 4096 u
160 4035 304 4104 tribunus
333 4038 394 4123 pl.,
428 4038 482 4100 diu
511 4034 642 4112 restitit,
675 4039 718 4102 Μ.
742 4035 861 4121 Lepido
885 4035 1013 4100 consule
1034 4038 1218 4115 adiuvante;
1257 4061 1360 4126 eaque
1383 4063 1443 4108 res
1465 4047 1499 4114 Ρ.

159 4132 305 4199 Africano
327 4129 551 4217 vituperationi
572 4127 650 4205 init,
685 4128 770 4214 quod
800 4132 868 4196 eius
890 4130 1073 4196 auctoritate
1095 4132 1134 4195 de
1156 4133 1309 4198 sententia
1332 4138 1497 4204 deductus

159 4229 248 4292 Briso
271 4224 447 4313 putabatur.
492 4229 571 4290 Tum
592 4221 655 4289 duo
678 4226 851 4309 Caepiones
871 4224 1004 4290 multum
1025 4225 1152 4291 clientes
1174 4229 1308 4292 consilio
1323 4237 1357 4294 et
1370 4230 1496 4318 lingua,

159 4323 229 4408 plus
250 4319 436 4387 auctoritate
458 4328 562 4384 tamen
583 4326 616 4383 et
637 4320 735 4403 gratia
756 4316 970 4384 sublevabant
1014 4321 1086 4397 Sex.
1108 4320 1251 4404 Pompeii
1274 4332 1347 4388 sunt
1369 4327 1496 4412 scripta

228 4503 255 4553 8.
275 4504 348 4555 eatur
367 4503 413 4568 Lg.
430 4503 495 4562 89,
525 4507 555 4552 ut
573 4501 686 4551 conteclt
706 4498 894 4552 Schneiderus.
925 4524 958 4537 -
987 4498 1014 4550 9.
1032 4499 1123 4550 dende
1140 4500 1175 4550 1).
1195 4500 1242 4566 Lg.
1263 4502 1307 4553 59.
1336 4504 1389 4557 Gu.
1414 4509 1442 4560 1.
1463 4510 1494 4560 8.

160 4570 213 4622 Clr.
234 4573 513 4637 otu.to,1ot.-
547 4570 589 4622 31.
610 4571 702 4621 leuitas
719 4569 766 4633 Lg.
786 4569 812 4619 8.
832 4568 875 4621 39.
895 4571 939 4623 51.
960 4570 1004 4620 53.
1023 4569 1068 4620 58.
1086 4570 1131 4621 58.
1162 4571 1229 4622 Van.
1249 4574 1275 4622 1.
1303 4574 1355 4624 Gu.
1384 4580 1415 4629 1.
1443 4581 1491 4631 tta

159 4641 255 4693 lenitus
273 4657 333 4695 eum
351 4649 444 4697 ceteris
462 4643 518 4693 RE.
547 4666 580 4679 -·
610 4639 654 4690 39.
675 4645 698 4688 st
717 4641 773 4690 tom
797 4639 892 4692 Petrus
909 4639 1010 4702 Faber,
1036 4639 1131 4692 Walcb
1150 4642 1279 4694 Emendd.
1301 4645 1359 4697 Llr.
1381 4661 1412 4710 p.
1434 4651 1492 4702 982

159 4714 239 4762 stium
258 4715 321 4765 RE.
340 4739 372 4753 -
391 4716 435 4767 97.
454 4716 486 4765 L.
507 4714 617 4764 Crassus
636 4711 747 4761 Ernesti!
769 4723 875 4773 operae.
895 4737 928 4750 ·-
946 4711 990 4762 38.
1009 4711 1147 4763 ttlorttute
1164 4713 1211 4778 Lg.
1232 4712 1293 4774 35..
1315 4719 1354 4765 utt
1375 4721 1493 4777 volebat

158 4780 307 4835 Ernestlus.
336 4809 368 4822 -
400 4785 444 4836 13.
464 4785 525 4836 seu.
545 4782 663 4846 Pompeis·
681 4794 740 4834 cum
759 4782 890 4836 Ellendtlo
910 4782 1031 4836 dedimus
1048 4791 1158 4836 auctore
1175 4784 1308 4848 Madviglo
1328 4787 1437 4851 opum.
1459 4809 1491 4861 p,

156 4851 227 4904 1³8:
246 4854 299 4906 Sed
315 4853 433 4922 Pompeii
450 4869 510 4909 sum
529 4854 602 4906 ltbrts
620 4852 677 4904 lili.
