3216 5400
157 191 219 254 980
681 186 734 247 DE
756 184 944 247 ORATORE

158 349 301 413 nocuisse
316 348 416 412 videri
438 365 548 409 causae
572 364 665 427 quam
688 364 751 407 uon
765 339 934 427 profuisse.
976 342 1117 405 LXXIII.
1139 337 1201 404 Sed
1223 340 1299 425 quid
1320 342 1384 405 hoc
1405 343 1475 406 loco

159 462 214 506 vos
235 441 318 505 inter
349 461 424 515 vos,
459 437 588 502 Catule?
623 458 662 501 an
693 440 785 509 haec,
818 443 852 502 ut
881 445 952 500 sunt
972 437 1218 506 contemnenda,
1251 436 1475 500 contemnitis?

159 535 300 609 Minime,
323 534 423 620 iuquit
443 533 513 597 ille:
538 530 593 595 sed
614 533 727 597 Caesar
748 531 788 592 de
811 528 871 593 isto
894 530 963 615 ipso
985 528 1132 613 quiddam
1155 528 1236 594 velle
1257 527 1365 593 dicere
1388 527 1477 593 vide-

158 626 260 694 batur.
303 633 353 694 lle
375 647 451 692 vero
473 628 615 696 lubente.
649 623 751 708 inquit
771 626 942 696 AntonIus,
970 622 1086 687 direrit
1107 621 1173 686 sive
1195 621 1357 687 refellendi
1380 642 1477 686 causa

136 726 224 787 rsive
246 721 428 808 quaerendi.
484 723 554 783 996.
585 723 662 781 Tum
693 719 810 791 lulius,
844 719 913 799 Ego
945 717 1143 789 mehercule,
1178 717 1300 802 iuquit,
1334 717 1474 789 Antoni,

158 836 284 900 semper
304 818 330 879 is
350 814 413 889 lui,
448 814 502 898 qui
523 814 563 876 de
584 818 615 874 te
638 818 763 874 oratore
785 809 830 873 sic
850 808 1083 895 praedicarem,
1106 831 1203 874 unum
1231 817 1262 875 te
1283 809 1316 873 in
1339 807 1475 873 dicendo

158 911 233 973 mibi
264 907 364 973 videri
395 905 597 971 tectissimum
630 905 856 989 propriumque
883 908 943 968 hoc
974 925 1042 967 esse
1072 902 1173 968 laudis
1204 913 1274 969 tuae
1303 902 1382 967 nihil
1404 923 1421 966 a
1446 912 1475 966 te

158 1022 294 1086 unquam
316 1021 385 1066 esse
407 1002 540 1074 dictum,
562 996 647 1084 quod
669 1001 796 1062 obesset
816 1001 863 1072 ei,
887 1017 1030 1083 proquo
1054 995 1188 1061 diceres.
1233 1000 1333 1081 quue
1355 1016 1476 1060 memo-

158 1096 203 1160 ria
223 1105 336 1171 teneo,
368 1115 439 1159 cum
461 1092 537 1157 mibi
559 1111 664 1156 sermo
686 1111 756 1154 cum
777 1094 837 1155 hoc
860 1093 989 1165 Crasso,
1025 1090 1130 1154 multis
1151 1089 1363 1165 andieudbus,
1393 1099 1476 1154 esset

121 1189 312 1255 roinstitutus
333 1192 524 1272 Crassusque
545 1184 687 1270 plurimis
709 1185 813 1248 verbis
836 1183 1047 1267 eloquentiam
1069 1183 1213 1248 laudaret
1234 1192 1333 1258 tuam,
1356 1183 1475 1248 dixisse

158 1304 298 1349 mecum
320 1285 433 1347 ceteris
455 1280 515 1345 tuis
535 1278 681 1344 laudibus
702 1281 781 1342 hane
804 1298 872 1343 esse
895 1276 944 1342 vel
965 1278 1155 1350 maximam,
1177 1275 1262 1363 qnod
1277 1298 1340 1342 non
1358 1279 1473 1352 solum,

157 1380 240 1464 quod
261 1398 341 1462 opus
362 1382 459 1449 esset,
482 1373 619 1444 diceres,
642 1374 698 1435 sed
720 1374 830 1445 etiam,
853 1373 938 1457 quod
953 1390 1018 1434 non
1033 1391 1115 1454 opus
1129 1379 1228 1446 esset,
1252 1392 1315 1436 nou
1330 1369 1475 1446 diceres;

157 1474 229 1535 997.
254 1479 318 1535 tum
340 1469 428 1534 illum
450 1469 525 1532 mihi
547 1467 742 1551 respondere
763 1465 912 1530 memini:
942 1475 1046 1530 cetera
1067 1464 1101 1527 in
1123 1473 1153 1529 te
1175 1485 1296 1529 summe
1319 1485 1388 1529 esse
1409 1463 1477 1529 lau-

157 1563 279 1642 danda;
302 1563 379 1628 illud
402 1583 477 1627 vero
499 1557 636 1642 improbi
660 1579 730 1623 esse
752 1559 887 1623 bominis
910 1567 942 1622 et
962 1556 1139 1644 perfidiosi,
1164 1561 1269 1623 dicere
1292 1562 1379 1645 quod
1400 1558 1476 1622 alie·

120 1684 146 1721 15
157 1679 231 1722 num
253 1665 336 1722 esset
356 1666 387 1720 et
408 1662 538 1718 noceret
558 1655 606 1728 ei,
630 1673 688 1738 pro
710 1673 773 1737 quo
795 1652 927 1738 quisque
949 1655 1080 1717 diceret.
1127 1655 1232 1729 Quare
1247 1674 1313 1716 non
1327 1653 1388 1717 sibi
1402 1674 1474 1716 eum

157 1751 329 1825 disertum,
351 1749 406 1835 qui
427 1750 458 1811 id
472 1768 536 1811 non
551 1745 684 1819 iaceret,
708 1744 829 1822 videri,
853 1751 907 1811 sed
922 1745 1118 1829 improbum,
1140 1749 1193 1833 qui
1208 1745 1337 1811 iaceret.
1372 1750 1474 1821 Nunc,

134 1844 184 1908 si
205 1842 278 1918 tibi,
300 1843 443 1917 videtur,
475 1840 604 1915 Antoni,
637 1839 834 1904 demonstres
855 1839 970 1915 velim,
1006 1861 1102 1924 quare
1125 1849 1159 1904 tu
1180 1840 1241 1905 boc
1262 1841 1305 1905 ita
1328 1861 1476 1924 maguum

157 1945 268 2019 putes,
303 1935 382 2000 nihil
403 1935 437 1998 in
458 1955 550 2000 eausa
571 1933 646 1999 mali
666 1932 788 2008 iacere,
823 1943 858 2000 ut
883 1932 959 1998 nihil
988 1932 1044 1997 tibi
1072 1933 1104 1998 in
1132 1944 1260 1999 oratore
1282 1937 1383 1999 maius
1405 1955 1475 1997 esse

158 2030 311 2094 videatur.
354 2031 495 2094 LXXIV.
519 2030 592 2092 998.
609 2030 717 2091 Dicam
732 2031 895 2114 equidem,
912 2030 1041 2104 Caesar,
1057 2027 1175 2114 inquit,
1192 2028 1268 2114 quid
1282 2026 1476 2111 intelligam:

121 2150 148 2186 cu
157 2119 213 2186 sed
235 2131 266 2186 et
286 2131 321 2186 tu
342 2131 374 2186 et
394 2143 451 2188 vos
473 2124 534 2186 hoc
556 2142 685 2196 omnes,
721 2123 840 2207 inquit,
875 2130 1081 2194 mementote,
1116 2141 1179 2186 non
1208 2143 1259 2186 me
1282 2121 1321 2185 de
1342 2121 1474 2206 perlecti

158 2218 292 2281 oratoris
323 2216 484 2281 divinitate
516 2218 648 2300 quadam
677 2214 765 2300 loqui
789 2218 844 2278 sed
873 2217 913 2279 de
935 2213 1167 2279 exercitationis
1189 2223 1221 2278 et
1241 2216 1475 2279 consuetudinis

157 2330 244 2373 meae
265 2310 490 2374 mediocritate.
537 2308 640 2374 Crassi
671 2311 798 2393 quidem
827 2329 1011 2394 responsum
1041 2307 1222 2373 excellentis
1244 2308 1405 2372 cuiusdam
1429 2318 1477 2372 est

157 2403 275 2486 ingenii
297 2424 333 2468 ac
354 2402 539 2487 singularis;
572 2404 622 2466 cui
652 2405 779 2488 quidem
806 2405 946 2488 portenti
972 2401 1072 2466 simile
1095 2423 1164 2467 esse
1186 2405 1288 2466 visum
1311 2412 1359 2466 est
1381 2422 1476 2487 posse

156 2496 293 2582 aliquem
313 2499 446 2562 Inveniri
467 2503 645 2572 oratorem,
678 2497 733 2580 qui
754 2495 871 2579 aliquid
895 2495 968 2560 mali
989 2496 1108 2560 faceret
1128 2498 1261 2560 dIcendo
1285 2498 1475 2580 obessetque

121 2594 202 2667 arei,
234 2612 328 2676 quem
350 2589 550 2655 defenderet:
588 2592 663 2653 999.
693 2587 768 2654 facit
792 2589 875 2654 enim
898 2588 936 2655 de
958 2610 992 2654 se
1014 2596 1244 2668 coniecturam
1279 2589 1367 2653 cuius
1391 2596 1475 2651 tanta

157 2687 203 2749 vis
224 2685 343 2768 ingenii
364 2693 429 2761 est,
463 2692 499 2749 ut
519 2683 677 2748 nemiuem
699 2683 759 2747 nisi
782 2683 924 2749 consulto
946 2693 1046 2769 putet,
1078 2688 1161 2770 quod
1184 2692 1293 2748 contra
1315 2703 1349 2746 se
1372 2681 1474 2767 ipsum

156 2778 211 2853 sit,
235 2779 358 2854 dicere3
391 2781 445 2843 sed
467 2797 528 2860 ego
549 2797 613 2842 non
635 2781 675 2841 de
696 2779 864 2863 praestanti
886 2780 1021 2863 quadam
1043 2786 1075 2842 et
1097 2780 1212 2842 eximia
1234 2776 1291 2841 sed
1312 2797 1411 2863 prope
1434 2780 1473 2840 de

156 2871 276 2957 vulgari
297 2882 329 2936 et
349 2870 508 2935 communi
528 2873 695 2954 prudentia
715 2872 850 2956 disputo.
894 2875 932 2937 Ut
953 2870 1035 2956 apud
1057 2874 1192 2936 Graecos
1218 2869 1318 2934 fertur
1339 2870 1475 2934 incredi-

155 2965 212 3030 bili
244 2965 376 3052 quadam
411 2963 623 3048 magnitudine
656 2963 776 3028 eonsssii
809 2975 901 3051 atque
927 2964 1044 3049 ingenii
1072 2967 1271 3028 Atheniensis
1298 2962 1351 3027 ille
1378 2961 1474 3028 fuisse

121 3058 393 3136 soThemistocles;
430 3061 469 3122 ad
502 3079 596 3143 quem
629 3056 754 3143 quidam
784 3056 895 3123 doctus
924 3061 1021 3123 bomo
1042 3067 1136 3142 atque
1158 3057 1311 3141 imprimis
1334 3057 1476 3122 eruditus

157 3156 323 3218 accessisse
345 3153 459 3217 dicitur
479 3152 569 3238 eique
591 3161 691 3217 artem
712 3152 899 3228 memoriae,
937 3173 1017 3239 quae
1046 3163 1111 3218 tum
1133 3158 1270 3235 primum
1292 3151 1476 3238 protereba-

156 3258 224 3322 tur,
248 3246 403 3329 pollicitus
425 3267 550 3311 essese
572 3245 775 3324 traditumm3
799 3268 870 3312 cum
891 3246 943 3311 ille
965 3249 1152 3331 quaesisset,
1180 3247 1327 3332 quidnam
1351 3245 1403 3309 illa
1424 3266 1477 3310 ars

157 3339 282 3404 efficere
303 3349 423 3426 posset,
446 3340 561 3404 dixisse
581 3340 670 3404 Illum
693 3343 871 3416 doctorem,
895 3351 929 3405 ut
950 3340 1054 3405 omnia
1071 3341 1279 3416 meminisset3
1304 3339 1379 3403 etei
1396 3342 1478 3403 The-

157 3435 331 3499 mistoclem
352 3435 549 3518 respondisse
572 3436 687 3518 gratius
708 3435 768 3498 sibi
790 3433 876 3498 illum
906 3455 974 3499 esse
1003 3433 1174 3510 facturum,
1210 3437 1235 3498 si
1257 3455 1291 3498 se
1314 3431 1474 3507 oblivisci,

122 3549 240 3613 ,squae
260 3528 368 3601 vellet,
402 3549 495 3610 quam
517 3528 544 3594 si
564 3527 742 3592 meminisse
764 3530 930 3594 docuisset.
976 3533 1052 3594 300.
1080 3527 1234 3604 Videsne,
1273 3549 1352 3612 quae
1376 3528 1423 3593 vis
1446 3527 1477 3590 in

165 3621 290 3687 homine
318 3623 463 3685 acerrimi
488 3622 624 3705 ingenii,
658 3642 751 3706 quam
776 3630 887 3706 potens
910 3631 941 3687 et
962 3633 1075 3709 quanta
1095 3642 1184 3687 meus
1205 3621 1321 3688 fueriti
1356 3625 1411 3707 qui
1434 3622 1478 3687 ita

164 3713 378 3800 responderit,
404 3722 439 3779 ut
458 3715 631 3800 intelligere
652 3735 833 3800 possemus,
863 3715 938 3780 nihil
961 3739 1000 3781 ex
1020 3716 1103 3781 illius
1123 3715 1243 3789 auimo,
1272 3719 1358 3802 quod
1379 3716 1478 3781 semel

167 3819 247 3874 esset
267 3807 422 3883 infusum,
444 3830 582 3895 unquam
605 3807 733 3872 effluere
749 3808 906 3895 potuisse;
930 3831 1000 3874 cum
1015 3810 1139 3897 quidem
1156 3811 1185 3874 ei
1199 3809 1294 3874 fuerit
1308 3809 1477 3892 optabilius

157 3902 298 3967 oblivisci
313 3921 406 3984 posse
420 3904 543 3983 potius,
567 3905 652 3986 quod
668 3902 846 3968 meminisse
869 3902 985 3981 nollet,
1008 3924 1101 3990 quam
1120 3906 1206 3990 quod
1227 3903 1323 3968 semel
1338 3902 1478 3968 audisset

224 4105 252 4156 9.
269 4106 322 4154 etot
340 4103 372 4152 B.
394 4129 422 4140 -
443 4105 631 4153 centensimus
648 4103 703 4153 AB.
726 4130 754 4141 -
776 4105 803 4154 4.
822 4105 914 4156 libente
932 4119 947 4156 e
966 4105 1051 4155 Codd.
1071 4105 1134 4169 allq.
1153 4106 1186 4154 T.
1208 4130 1236 4142 —-
1261 4106 1288 4155 ’1.
1309 4104 1478 4154 lectissimum

156 4176 235 4226 Anu.
257 4199 288 4211 -
305 4189 324 4224 o
342 4181 366 4224 te
384 4187 436 4224 om.
457 4173 512 4222 AB.
533 4196 564 4208 -
583 4173 609 4223 9.
630 4188 689 4224 cum
708 4172 781 4237 mitt]
800 4176 871 4239 quod
888 4177 952 4225 mitt
971 4175 1002 4224 B.
1024 4201 1053 4213 -
1073 4177 1120 4225 too
1140 4175 1234 4225 Crasso
1253 4176 1274 4224 B
1293 4175 1408 4237 altique:
1429 4176 1478 4224 loc

156 4250 214 4310 ipso
234 4247 329 4298 crosso
347 4246 412 4301 (At)
430 4244 486 4293 llll.
522 4243 614 4295 Malim
634 4245 743 4307 quidem
762 4245 878 4297 deletum
897 4248 977 4298 ettam
996 4246 1099 4296 craeso.
1119 4246 1171 4296 On.
1200 4268 1232 4283 ··
1260 4252 1327 4296 erret
1345 4245 1390 4294 AB
1418 4246 1479 4295 ntll·

158 4331 229 4380 que:
249 4323 312 4367 esset
330 4316 362 4364 de
380 4323 404 4366 te
421 4315 478 4364 llll.
502 4337 528 4349 -
557 4314 600 4365 13.
619 4316 784 4378 respondisse
801 4315 833 4364 ll.
853 4341 884 4352 ·-
912 4329 1011 4364 summe
1028 4331 1082 4365 orn.
1103 4316 1133 4366 ll.
1158 4341 1187 4353 -
1220 4317 1263 4366 14.
1283 4324 1349 4366 esset
1367 4316 1423 4366 AB.
1443 4341 1475 4349 -

158 4389 201 4438 19.
219 4388 304 4450 inquit
323 4398 375 4436 om.
391 4385 424 4435 A.
447 4410 475 4421 -
496 4385 660 4448 toteltc'qem:
678 4387 723 4436 sed
742 4399 794 4434 om.
808 4385 862 4435 AB.
880 4410 908 4421 -
929 4387 973 4436 90.
993 4399 1039 4435 oor
1057 4387 1104 4436 boc
1122 4399 1226 4444 omnes,
1245 4388 1333 4450 inquit
1350 4385 1405 4444 AB,
1423 4385 1476 4435 (lu.

158 4457 201 4505 A:
221 4470 268 4506 coe
286 4469 374 4506 omnes
391 4458 454 4507 too.
474 4457 560 4517 lnquit
578 4455 643 4512 RE,
662 4468 708 4505 uos
726 4467 829 4514 omnes,
849 4457 949 4518 lnquit,
968 4457 1015 4506 troc
1034 4470 1063 4507 cr
1084 4458 1168 4507 Codd.
1188 4458 1220 4506 Τ.
1242 4483 1271 4493 -
1292 4457 1323 4507 de
1341 4463 1401 4507 ante
1418 4469 1477 4516 per·

159 4526 218 4586 secti
235 4540 287 4576 om.
307 4527 339 4577 B.
368 4553 397 4563 -
429 4526 473 4574 93.
493 4528 535 4575 cut
552 4528 653 4586 quidem
671 4524 756 4574 Allll:
784 4527 826 4574 cua·
842 4526 968 4588 quiddam
987 4528 1017 4580 E.
1038 4551 1068 4562 -
1100 4528 1144 4576 94.
1163 4534 1188 4577 et
1207 4526 1303 4577 obesset
1322 4528 1353 4576 lt.
1376 4550 1406 4561 -
1431 4527 1476 4576 95.

159 4599 309 4646 iuncturam
327 4596 358 4645 n.
380 4622 410 4634 -
428 4596 472 4647 97.
490 4599 599 4658 proprie
612 4596 642 4644 B·
661 4619 691 4632 -·
710 4596 754 4644 98.
771 4595 914 4655 prudentio
931 4593 1047 4659 disputo]
1066 4597 1156 4662 linquo
1174 4599 1313 4658 disputato
1325 4599 1365 4652 A,
1384 4596 1478 4658 linque

160 4667 262 4726 dtaputo
282 4666 320 4724 B,
340 4672 369 4716 ut
387 4667 510 4722 affletur:
536 4667 677 4726 prodentia
696 4665 804 4727 ttnpuoe
822 4666 928 4727 disputo
946 4668 983 4725 lt,
1007 4667 1154 4730 prudentio
1174 4668 1344 4729 disputabam
1362 4678 1392 4716 ex
1411 4666 1475 4729 Lag.

160 4737 186 4784 9.
206 4736 237 4783 Τ.
258 4762 288 4772 -
320 4736 362 4784 39.
380 4735 527 4798 pollicitum
551 4731 608 4784 All.
629 4762 657 4773 -
689 4748 717 4784 re
736 4749 787 4785 om·
809 4735 838 4784 B.
869 4762 894 4772 -
926 4736 970 4786 33.
990 4742 1015 4786 et
1033 4739 1206 4788 anteetom.
1227 4739 1282 4788 AB.
1305 4763 1332 4774 -
1365 4735 1479 4787 343131

159 4806 239 4854 ultum
257 4806 295 4863 o,
315 4807 477 4856 edidicisse
496 4807 568 4855 illum
587 4808 618 4856 lt.
639 4830 667 4844 -
686 4804 729 4855 38.
750 4803 862 4870 effluere]
883 4807 981 4871 efficere
999 4806 1031 4857 A.
1054 4834 1081 4845 -
1103 4807 1145 4858 39-
1165 4808 1233 4859 nolit
1251 4807 1305 4857 Aa.
