3232 5392
163 247 225 316 tto
643 248 697 313 llll
718 246 964 317 INVENTIONE

161 429 340 486 cumarum,
373 408 418 475 sic
445 415 606 474 oratorum
628 428 754 493 quoque
775 407 946 475 multorum
975 429 1156 478 communes
1185 410 1249 479 loni
1279 418 1365 480 sunt.
1410 416 1500 482 Nam'

159 502 221 570 nisi
242 501 281 569 ab
303 505 359 581 iis,
383 501 439 589 qui
459 501 557 567 multa
576 500 609 566 in
631 502 854 571 exercitatione
876 524 1019 589 magnam
1042 503 1102 571 albi
1115 505 1288 578 verborum
1311 516 1343 573 et
1362 519 1491 576 senten.

159 596 274 664 tiarum
301 597 423 684 copiam
444 598 707 682 comparaverint,
740 600 866 663 tractari
886 619 951 665 non
972 607 1120 684 poterunt
1140 599 1253 671 ornate
1275 607 1307 672 et
1332 602 1490 688 graviter,

160 690 425 780 quemadmodum
438 699 550 757 natura
570 690 711 777 ipsorum
726 691 893 763 desiderat.
921 697 1023 780 Atque
1038 693 1098 760 boc
1111 696 1152 762 sit
1165 696 1257 764 nobis
1271 699 1389 766 dictum
1403 717 1491 764 com-

138 785 298 854 :munirer
312 785 351 852 de
366 789 451 851 omni
466 807 581 871 genere
596 786 738 853 locorum
753 788 978 853 communium.
1022 789 1108 857 xvt.
1125 794 1213 857 Nunc
1228 812 1440 882 exponemus,
1454 794 1489 857 in

160 881 402 948 coniecturalem
417 880 669 948 constitutionem
687 883 740 967 qui
756 881 817 947 loci
831 901 1013 947 communes
1026 881 1166 950 incidere
1180 886 1318 955 soleant:
1336 887 1491 975 suspicio-

160 974 253 1042 nibus
275 979 361 1042 credi
383 986 533 1063 oportere
555 984 586 1041 et
607 995 671 1042 non
693 984 860 1060 oportere:
889 974 1071 1043 rumoribus
1092 982 1177 1044 credi
1199 989 1348 1067 oportere
1370 991 1403 1047 et
1423 1001 1489 1048 nou

161 1078 328 1157 oportere:
362 1070 493 1137 testibus
523 1069 611 1137 credi
638 1078 785 1157 oportere
807 1078 922 1137 elnon
944 1078 1109 1157 oportere;
1142 1074 1379 1158 quaestionibus
1402 1073 1490 1141 credi

161 1173 315 1251 oportere
342 1175 373 1232 et
398 1186 464 1230 nou
491 1172 658 1252 oportere:
692 1164 787 1230 vitam
815 1172 1015 1230 anteactam
1042 1167 1177 1252 spectari
1199 1178 1349 1256 oportere
1370 1177 1403 1236 et
1424 1190 1491 1235 non

125 1279 152 1320 ro
162 1269 332 1348 oportere:
364 1258 503 1326 eiusdem
525 1279 611 1331 esse,
634 1260 688 1344 qui
708 1258 742 1324 iu
762 1258 817 1324 illa
837 1280 874 1325 re
896 1261 1047 1343 peccarit,
1084 1258 1136 1345 [et]
1161 1260 1223 1328 boc
1242 1284 1369 1351 quoque
1389 1262 1490 1343 admi·

161 1354 239 1423 sisso
270 1365 301 1422 et
327 1377 391 1420 uon
418 1373 487 1418 esse
516 1351 675 1431 eiusdem;
711 1349 848 1419 maxime
874 1352 1009 1441 spectari
1035 1373 1160 1419 causam
1190 1365 1339 1443 oportere
1366 1366 1399 1424 et
1424 1378 1490 1423 non

161 1456 320 1534 oportere.
361 1451 465 1535 Atque
496 1449 529 1513 hi
558 1447 686 1533 quidem
715 1457 746 1514 et
773 1447 800 1514 si
830 1447 885 1533 qui
910 1445 1065 1513 eiusmodi
1087 1470 1127 1513 ex
1147 1453 1281 1536 proprio
1302 1459 1490 1538 argumento

161 1563 345 1609 communes
365 1542 427 1609 loci
448 1549 634 1618 nascentur,
656 1543 690 1607 in
710 1541 883 1607 contrarias
904 1551 1007 1627 partes
1028 1540 1231 1610 deducentur.
1291 1549 1343 1612 51.
1379 1549 1490 1613 Certus

162 1645 267 1704 autem
288 1636 376 1703 locus
398 1644 446 1703 est
466 1635 672 1713 accusatoris,
694 1656 868 1723 perquem
889 1644 982 1720 auget
1002 1635 1076 1701 lacti
1098 1637 1295 1706 atrocitatem
1302 1663 1311 1721 ;
1342 1648 1375 1706 et
1396 1638 1488 1716 alter,

124 1748 220 1817 asper
241 1752 336 1819 quem
357 1739 450 1816 negat
470 1729 625 1795 malorum
646 1730 787 1795 misereri
809 1738 983 1814 oportere:
1019 1727 1211 1810 defensoris,
1241 1755 1416 1822 perquem
1438 1754 1491 1800 ca·

161 1826 279 1893 lumnia
301 1833 518 1891 accusatorum
541 1844 613 1891 cum
634 1823 847 1909 indignatione
870 1825 1046 1889 ostenditur
1067 1831 1099 1889 et
1118 1844 1177 1910 per
1198 1847 1294 1913 quem
1315 1849 1387 1894 cum
1415 1848 1492 1895 oon-

162 1920 327 2007 questione
350 1916 564 1985 misericordia
586 1925 737 2004 captatur.
788 1919 830 1982 Hi
853 1926 885 1983 et
906 1917 1003 1983 ceteri
1024 1916 1087 1983 loci
1110 1939 1219 1984 omnes
1242 1941 1424 1988 communes
1447 1942 1490 1988 ex

162 2014 273 2081 iisdem
295 2013 470 2101 praeceptis
492 2021 672 2088 sumuntur,
706 2009 819 2098 quibus
848 2020 972 2078 ceterae
998 2014 1306 2097 argumentationes:
1340 2019 1396 2082 sed
1418 2015 1491 2081 illae

162 2109 289 2176 tenuius
311 2117 344 2174 et
363 2107 507 2174 subtilius
530 2114 562 2172 θῖ
581 2106 702 2172 acutius
725 2113 915 2185 tractamur:
952 2107 985 2172 bi
1011 2116 1116 2173 autem
1144 2109 1268 2194 marius
1297 2118 1328 2176 et
1349 2113 1491 2176 ornatius

126 2212 194 2271 oet
222 2226 294 2270 cum
320 2200 448 2279 verbis,
486 2208 552 2266 tum
581 2200 675 2266 etiam
702 2200 862 2266 sententiis
892 2199 1125 2267 excellentibus.
1167 2207 1204 2269 ln
1230 2203 1292 2270 illis
1314 2203 1398 2270 enim
1419 2203 1493 2270 linis

163 2307 227 2374 est,
251 2305 287 2362 ut
307 2295 354 2370 id,
378 2298 464 2384 quod
486 2297 616 2371 dicItur,
641 2316 752 2363 rerum
774 2315 844 2360 esse
865 2297 1024 2373 videatur:
1045 2295 1079 2361 in
1099 2296 1162 2372 his,
1186 2298 1310 2364 tametsi
1332 2298 1393 2365 boc
1411 2319 1492 2386 quo-

162 2411 225 2479 que
245 2389 346 2456 videri
374 2398 517 2476 oportet,
552 2397 655 2456 tamen
680 2388 750 2455 finis
780 2400 827 2457 cst
855 2390 1040 2476 amplitudo.
1085 2394 1176 2457 Nunc
1198 2391 1239 2458 ad
1260 2392 1353 2459 aliam
1375 2392 1493 2460 consti-

161 2487 316 2555 tutionem
339 2495 545 2551 transeamus.

246 2583 346 2648 XVII.
371 2584 421 2645 52.
445 2582 523 2645 Cum
545 2585 593 2643 θεῖ
613 2575 748 2642 nominis
770 2579 1001 2651 controversia.
1025 2581 1098 2665 qula
1118 2581 1166 2646 vis
1180 2581 1327 2647 vocabuli
1341 2580 1493 2648 delinien-

126 2677 204 2741 :sda
224 2675 332 2741 verbis
354 2681 414 2749 est,
437 2671 622 2739 constitutio
640 2669 799 2736 definitiva
820 2670 944 2738 dicitur.
988 2675 1064 2740 Eius
1085 2677 1208 2758 generis
1231 2675 1376 2764 exemplo
1397 2679 1492 2742 nobis

163 2770 265 2857 posita
285 2767 326 2833 sit
345 2766 423 2834 baec
444 2787 558 2834 causa:
597 2770 630 2833 C.
653 2765 823 2831 Flaminius
845 2770 889 2843 is,
920 2767 975 2853 qui
1002 2769 1112 2835 consul
1136 2790 1206 2836 rem
1228 2769 1386 2855 publicam
1407 2771 1493 2838 male

163 2864 260 2951 gessit
280 2863 364 2930 bello
385 2864 503 2929 Punico
526 2859 684 2937 secundo,
717 2881 789 2926 cum
818 2860 963 2927 tribunus
991 2860 1092 2948 plebis
1120 2871 1222 2940 esset,
1259 2864 1357 2931 invito
1379 2873 1492 2931 senatu

164 2967 196 3024 et
217 2960 344 3024 omnino
367 2966 476 3023 contra
497 2956 689 3022 voluntatem
712 2958 851 3021 omnium
873 2955 1056 3041 optimatum
1085 2978 1144 3044 per
1165 2957 1350 3025 seditionem
1372 2957 1412 3025 ad
1434 2980 1493 3046 po-

163 3053 272 3141 pulum
294 3053 396 3137 legem
418 3051 571 3136 agrariam
592 3048 724 3115 lerebat.
766 3053 858 3115 Hunc
879 3057 968 3136 pater
983 3074 1057 3116 suus
1072 3053 1240 3119 concilium
1255 3056 1357 3139 plebis
1372 3055 1494 3120 baben·
1580 3069 1585 3081 ·

128 3156 229 3219 :rtem
251 3146 290 3213 de
312 3149 429 3233 templo
452 3145 580 3211 deduxit
587 3167 596 3224 ;
626 3143 794 3211 arcessitur
816 3147 994 3212 maiestatis.
1036 3146 1170 3211 Intentio
1193 3155 1261 3213 est:
1298 3146 1492 3213 Maiestatem

166 3241 327 3317 minuisti,
365 3243 450 3328 quod
483 3239 644 3306 tribunum
676 3237 775 3325 plebis
809 3241 848 3303 de
877 3238 995 3323 templo
1023 3239 1192 3306 deduxisti.
1237 3242 1387 3328 Depulsio
1418 3251 1489 3308 est:

165 3341 235 3403 Non
257 3339 355 3401 minui
379 3335 579 3401 maiestatem.
624 3332 775 3410 Quaestio
804 3342 871 3397 est:
908 3337 1140 3400 Maiestatemne
1167 3337 1340 3401 minuerit?
1374 3339 1489 3402 Ratio:

165 3434 203 3496 In
224 3429 322 3497 lilium
344 3430 427 3496 euim
449 3451 542 3516 quam
563 3425 716 3495 habebam
738 3434 945 3510 potestatem,
983 3449 1020 3492 ea
1042 3448 1112 3494 sum
1140 3450 1225 3494 usus.
1278 3428 1420 3495 Rationis
1442 3432 1493 3495 in·

166 3525 321 3592 firmatio:
358 3531 396 3590 nt
418 3525 521 3601 enim,
551 3523 605 3610 qui
626 3522 727 3609 patria
748 3530 917 3606 potestate,
944 3525 1006 3586 hoc
1027 3530 1093 3600 θεῖ,
1117 3523 1238 3610 privata
1259 3522 1413 3611 quadam,
1436 3527 1493 3589 tri-

129 3620 325 3690 ssbuniciam
355 3628 559 3707 potestatem,
595 3621 656 3684 hoc
690 3625 754 3692 θεῖ,
792 3620 901 3703 populi
929 3624 1116 3703 potestatem
1144 3615 1295 3694 infirmat,
1331 3617 1493 3684 minuitis

166 3714 370 3785 maiestatem.
414 3713 565 3779 ludicatio
587 3720 655 3777 est:
690 3710 849 3776 llinuatne
871 3710 898 3775 is
920 3712 1128 3786 maiestatem,
1162 3713 1216 3797 qui
1238 3711 1271 3777 in
1292 3711 1492 3777 tribuniciam

166 3816 350 3894 potestatem
372 3808 471 3896 patria
492 3808 646 3896 potestate
667 3810 798 3871 utatur:
835 3807 883 3871 Ad
905 3809 985 3872 banc
1006 3806 1228 3873 iudIcationem
1249 3806 1493 3893 argumentatio-

166 3923 224 3970 nes
244 3923 352 3968 omnes
374 3902 482 3968 afferri
503 3901 672 3986 oportebit.

253 4002 305 4064 53.
343 4000 388 4062 Ac
416 4019 456 4064 ne
483 3998 537 4084 qui
559 3995 642 4062 lorte
663 3994 832 4061 arbitretur
866 4015 925 4060 nos
959 4014 1023 4061 non
1055 3994 1229 4082 intelligere
1252 3995 1343 4064 aliam
1365 4017 1492 4084 quoque

130 4120 158 4162 so
168 4093 309 4160 incidere
330 4092 585 4158 constitutionem
606 4094 639 4156 in
660 4094 739 4155 hanc
760 4110 906 4165 causam,
942 4110 1012 4155 eam
1039 4110 1097 4155 nos
1125 4099 1247 4177 partem
1274 4088 1373 4156 solam
1395 4091 1493 4156 sumi·

169 4210 259 4263 mus,
294 4187 328 4253 in
357 4208 452 4274 quam
480 4194 646 4272 praecepta
678 4180 770 4249 nobis
793 4182 893 4249 danda
915 4192 995 4248 suut.
1051 4182 1204 4250 Omnibus
1225 4193 1330 4251 autem
1351 4183 1494 4271 partibus

168 4285 229 4348 boc
257 4280 291 4346 in
319 4280 403 4347 libro
431 4281 607 4367 explicatis,
641 4277 743 4367 quivis
769 4277 856 4342 omni
884 4281 916 4343 in
946 4299 1056 4355 causa,
1093 4279 1120 4344 si
1149 4279 1319 4364 diligenter
1340 4282 1491 4355 attendet,

169 4397 280 4442 omnes
301 4374 420 4442 videbit
442 4374 678 4441 constitutiones
707 4380 738 4437 et
767 4393 877 4437 earum
897 4381 1002 4456 partes
1024 4381 1056 4437 θῖ
1077 4375 1323 4450 controversias,
1361 4373 1493 4460 siquae

238 4567 265 4616 2.
283 4567 369 4618 mutto
384 4568 415 4617 In
430 4566 618 4618 concitatione
635 4564 726 4614 aaut
745 4576 804 4614 cum
823 4565 917 4615 eetertr
942 4565 1025 4614 notis:
1055 4565 1141 4616 meuc
1163 4567 1351 4618 crematione
1368 4561 1435 4628 (om.
1455 4560 1494 4627 tn)

169 4635 202 4688 ll·
223 4661 254 4674 -
273 4638 316 4688 10.
335 4644 359 4688 et
377 4638 501 4701 erpunrtt
513 4636 606 4687 Irmb.
625 4635 678 4686 Nos
697 4635 862 4687 reclustrnus.
878 4658 909 4670 -
929 4634 973 4685 13.
993 4635 1241 4687 deducanturAIt'I
1259 4640 1286 4687 st
1304 4649 1343 4696 pr.
1358 4636 1394 4696 Ρ,
1414 4634 1495 4686 dedu·

171 4714 266 4758 contar
284 4720 351 4759 corr.
370 4708 402 4759 Ρ.
424 4735 452 4746 -
482 4708 525 4758 17.
547 4707 598 4758 loct
616 4719 703 4756 omncs
719 4705 827 4757 nnat:
849 4716 937 4755 omne:
956 4706 1007 4755 loct
1025 4705 1056 4756 tt.
1086 4732 1118 4744 -
1145 4706 1189 4757 13.
1208 4712 1233 4756 st
1250 4705 1371 4755 rubtttr‘ur
1388 4709 1413 4756 et
1430 4720 1495 4755 cco·

171 4779 225 4830 tto:
242 4777 352 4829 PIRI':
371 4785 396 4829 st
413 4781 517 4830 arctim
534 4785 559 4829 et
577 4777 698 4827 rubtttt'nr
716 4776 746 4827 ll.
768 4799 800 4813 -
828 4775 872 4826 2⁶.
889 4776 1023 4840 publtecm
1041 4789 1095 4827 otu.
1114 4775 1192 4827 ΡΑΤ.
1220 4798 1253 4811 -
1280 4775 1325 4825 33.
1353 4788 1411 4824 rum
1429 4788 1495 4825 uror

170 4848 279 4899 aaut:
298 4862 362 4900 urar
377 4862 434 4900 rum
454 4850 483 4900 n.
503 4874 534 4885 -
565 4847 610 4899 34.
630 4848 679 4899 Vr.
697 4846 813 4914 quodum
831 4853 858 4898 ct
873 4852 1031 4912 potentates:
1048 4845 1118 4898 Oud.
1139 4852 1167 4898 ct
1182 4845 1246 4897 Ilm.
1264 4845 1418 4898 ructortbur
1437 4844 1491 4897 det.

173 4918 327 4973 sonantur.
364 4919 476 4975 Sonant
493 4921 586 4972 nostrl.
598 4940 626 4952 -
647 4917 691 4972 33.
708 4916 744 4970 s:
761 4916 844 4970 ΔΙῖΤ.
