3232 5392
568 261 644 327 LIB.
668 263 719 327 lV.
763 261 796 327 C.
818 263 870 327 37.
891 264 944 327 38.
969 262 1021 327 39.
1409 263 1449 328 75

126 425 239 489 borum
262 428 414 506 generum
437 420 580 507 exempla
613 424 828 487 subiiciemus.
886 420 1022 496 Prioris,
1059 419 1265 485 huiusmodi:
1299 422 1449 497 Nimium,

126 517 282 596 Quirites,
324 515 435 580 animis
468 518 541 581 estis
572 516 765 602 simplicibus
795 527 826 582 et
855 516 1040 594 mansuetis:
1077 515 1209 579 nimium
1239 514 1366 580 creditis
1395 518 1451 582 uni

125 611 249 697 cuique.
294 613 489 676 Existimatis
511 633 608 676 unum
631 633 787 698 quemque
810 613 903 686 eniti,
928 619 962 673 ut
984 608 1138 695 perficiat,
1166 630 1248 694 quae
1270 611 1361 677 vobis
1383 613 1452 695 pel·

125 705 227 770 licitus
260 708 311 769 sit.
357 705 475 771 Erratis
507 714 537 769 et
566 705 641 771 falsa
670 706 784 772 frustra
815 727 870 792 spe
899 707 962 769 iam
991 707 1045 769 diu
1078 703 1273 769 detinemini.
1317 704 1452 770 Stultitia

124 809 229 890 vestra
259 803 312 874 id,
349 802 434 887 quod
464 809 532 863 erat
564 803 598 863 in
624 810 728 865 vestra
756 808 928 886 potestate,
965 802 1004 863 ab
1033 799 1101 864 aliis
1130 808 1250 885 petere·
1267 820 1360 884 quam
1393 799 1475 884 ipsis

124 914 250 958 sumere
272 893 434 961 maluistis.
479 896 667 961 Posterioris
695 895 839 961 licentiae
870 897 932 959 boc
954 896 1013 958 erit
1035 897 1236 978 exemplum:
1272 894 1350 959 Mihi
1379 915 1452 960 cum

124 989 201 1062 isto,
231 988 367 1063 iudices,
400 987 458 1053 fuit
479 990 631 1062 amicitia,
663 994 719 1055 sed
740 993 799 1055 ista
820 993 973 1061 amicitia,
1008 992 1130 1053 tametsi
1152 1010 1267 1055 vereor
1289 991 1451 1075 quomode

126 1086 286 1168 accepturi
308 1083 393 1159 sitis,
429 1093 533 1148 tamen
557 1087 674 1158 dicam,
709 1106 767 1150 vos
788 1107 839 1151 me
861 1085 1015 1172 privastis.
1074 1083 1157 1162 Quid
1188 1084 1250 1148 ital
1287 1082 1383 1168 quia,
1417 1090 1455 1149 ut

124 1178 215 1241 vobis
230 1198 330 1269 essem
348 1176 513 1263 probatus,
537 1200 625 1252 eum,
648 1179 773 1266 quivos
788 1184 1003 1266 oppugnabat,
1026 1179 1187 1243 inimicum
1207 1197 1300 1263 quam
1316 1177 1452 1242 amicum

124 1274 245 1337 babere
267 1272 372 1337 malui.
417 1276 468 1340 50.
493 1277 574 1357 Ergo
597 1276 675 1337 baec
694 1279 874 1348 exornatio,
898 1275 947 1337 eui
970 1271 1111 1335 licentiae
1134 1291 1249 1335 nomen
1270 1279 1335 1346 cst,
1359 1271 1451 1336 sicuti
1463 1296 1490 1335 re

125 1367 423 1439 demonstravimus,
446 1368 563 1449 duplici
585 1369 706 1433 ratione
729 1369 933 1434 tractabitur:
957 1366 1143 1439 acrimonia,
1167 1366 1296 1452 quaesi
1320 1365 1452 1431 nimium

125 1461 219 1527 fuerit
241 1482 369 1546 aspera,
392 1460 586 1545 mitigabitur
607 1462 698 1528 laude
722 1472 752 1527 et
774 1461 1024 1534 assimulatione,
1047 1463 1085 1525 de
1109 1481 1170 1546 qua
1192 1460 1348 1545 posterius
1371 1461 1452 1526 dixi·

125 1579 216 1629 mus,
251 1577 332 1641 quae
354 1576 417 1620 non
440 1556 560 1640 indiget
583 1557 801 1642 mitigationis,
838 1565 1006 1642 propterea
1028 1558 1113 1641 quod
1134 1555 1273 1620 imitatur
1293 1554 1452 1621 licentiam

125 1659 156 1714 et
177 1670 234 1715 sua
256 1660 366 1734 sponte
389 1653 426 1714 ad
449 1653 588 1716 animum
611 1652 762 1717 auditoris
784 1673 818 1716 se
843 1649 1070 1715 accommodat.

208 1746 382 1809 XXXVlll.
406 1749 586 1811 Deminutio
610 1757 672 1822 est,
708 1768 779 1812 cum
810 1746 928 1831 aliquid
958 1745 1060 1809 inesse
1092 1748 1126 1808 in
1155 1744 1246 1810 nobis
1272 1753 1325 1810 aut
1347 1745 1380 1810 in
1400 1744 1488 1819 ileu

125 1861 204 1927 quos
226 1839 441 1916 defendimus,
466 1850 519 1904 aut
541 1851 649 1906 natura
672 1852 724 1906 aut
746 1841 868 1907 fortuna
886 1848 938 1903 aut
953 1841 1106 1904 industria
1122 1838 1259 1903 dicemus
1275 1843 1450 1923 egregium,

125 1933 224 2022 quod,
258 1956 298 1999 ne
320 1955 380 2020 qua
403 1934 595 2019 significetur
616 1957 766 2020 arrogans
788 1936 973 2008 ostentatio,
1008 1935 1200 1998 deminuitur
1222 1942 1252 1997 et
1273 1943 1452 1999 attenuatur

126 2032 283 2119 oratione,
306 2030 367 2092 boe
382 2033 495 2094 modo:
521 2033 597 2094 Nam
620 2033 681 2095 boe
705 2052 761 2116 pro
785 2051 856 2093 meo
880 2031 967 2102 iure,
998 2030 1137 2103 iudices,
1174 2027 1244 2091 dico
1267 2052 1318 2094 me
1341 2032 1451 2096 labore

126 2135 155 2188 et
177 2123 328 2188 industria
351 2144 492 2199 curasse,
516 2132 550 2189 ut
572 2125 764 2210 disciplinam
787 2124 955 2189 militarem
977 2144 1041 2187 n0n
1063 2125 1095 2185 in
1111 2126 1279 2207 postremis
1296 2133 1448 2189 tenerem.

126 2217 183 2281 Hic
205 2220 231 2282 si
253 2219 324 2303 quis
345 2216 492 2283 dixisset:
527 2221 565 2283 Ut
587 2222 703 2304 optime
731 2228 890 2291 tenerem,
922 2219 1043 2281 tametsi
1067 2237 1143 2281 vere
1167 2220 1315 2293 dixisset,
1347 2228 1489 2284 tamense

125 2332 275 2394 arrogans
298 2311 382 2375 visus
405 2320 496 2377 esset.
540 2316 628 2379 Nunc
652 2317 740 2378 etad
764 2315 913 2377 invidiam
937 2309 1093 2375 vitandam
1116 2321 1148 2376 et
1169 2316 1208 2376 ad
1228 2312 1351 2377 laudem
1366 2333 1453 2379 com·

125 2408 292 2492 parandam
315 2407 389 2482 satis
411 2409 529 2471 dictum
552 2416 608 2471 est.
654 2411 748 2472 ltem:
784 2411 890 2472 Utrum
914 2405 1009 2488 igitur
1029 2408 1178 2470 avaritiae
1201 2427 1293 2472 causa
1315 2429 1354 2472 an
1377 2430 1452 2492 ege·

125 2503 210 2564 statis
231 2501 361 2563 secessit
382 2503 421 2563 ad
445 2499 653 2565 maleficium?
686 2503 870 2565 Avaritiae?
900 2503 941 2563 ut
964 2498 1156 2582 largissimus
1178 2499 1237 2565 fuit
1257 2503 1291 2565 in
1312 2504 1448 2579 amicos:
1498 2492 1504 2504 ’

126 2597 208 2681 quod
231 2595 353 2678 signum
377 2594 570 2659 liberalitatis
597 2604 663 2669 est,
696 2615 776 2680 quae
803 2596 960 2659 contraria
983 2603 1031 2657 est
1052 2596 1211 2662 avaritiae.
1266 2598 1449 2680 Egestatis‘l

125 2695 161 2754 ut
182 2688 257 2753 buic
278 2690 405 2775 quidem
420 2698 508 2774 pater
530 2689 612 2772 (nolo
629 2690 758 2753 nimium
774 2688 888 2770 dicere)
910 2710 975 2752 non
991 2691 1207 2753 tenuissimum
1224 2690 1448 2774 patrimonium
1458 2709 1485 2750 es

125 2784 260 2871 reliquit.
304 2786 364 2847 Hie
386 2805 512 2870 quoque
535 2784 665 2848 vitatum
688 2792 754 2860 est,
778 2806 818 2848 ne
841 2804 987 2869 magnum
1009 2794 1063 2847 aut
1085 2787 1256 2847 maximum
1279 2784 1447 2849 diceretur.

126 2882 193 2943 Hoc
215 2880 312 2962 igitur
332 2883 364 2943 in
386 2881 501 2944 nostris
523 2888 577 2944 aut
599 2899 726 2954 eorum,
762 2899 841 2965 quos
863 2878 1083 2946 defendemus.
1117 2879 1253 2962 egregiis
1276 2878 1449 2943 commodis

125 2970 319 3059 proferendis
342 2971 593 3037 observabimus.
646 2977 724 3038 Nam
758 2972 912 3038 eiusmodi
944 2993 995 3037 rcs
1024 2983 1054 3037 et
1082 2974 1231 3038 invidiam
1263 2975 1450 3038 contrahunt

126 3067 155 3132 iu
176 3070 240 3132 vita
262 3077 293 3133 et
315 3069 423 3132 odium
445 3070 478 3131 in
500 3068 662 3138 oratione,
685 3067 711 3131 si
734 3066 963 3131 inconsiderate
985 3076 1109 3132 tractes.
1156 3070 1276 3147 Quare,
1300 3074 1450 3156 quemad-

126 3158 253 3226 modum
276 3163 396 3226 ratione
417 3163 450 3226 in
471 3164 608 3227 vivendo
630 3160 749 3246 fugitur
771 3160 908 3237 invidia,
942 3163 986 3225 sie
1008 3165 1040 3226 in
1062 3163 1197 3228 dicendo
1219 3165 1350 3231 consilio
1373 3167 1487 3231 vita-so

126 3264 175 3322 tur
197 3257 317 3320 odium.

207 3352 354 3413 XXXIX.
400 3351 451 3418 51.
492 3350 669 3433 Descriptio
698 3349 896 3426 nominatur,
938 3370 1019 3436 quae
1050 3373 1157 3416 rerum
1191 3356 1450 3438 consequentium

126 3446 261 3510 continet
277 3445 475 3529 perspicuam
499 3453 530 3507 et
552 3444 719 3509 dilucidam
735 3467 804 3509 curn
821 3450 976 3530 gravitate
992 3448 1236 3533 expositionem,
1258 3451 1320 3514 boc
1336 3449 1448 3514 modo:

126 3539 244 3616 Quodsi
267 3539 382 3615 istum,
417 3537 561 3613 iudices,
598 3543 710 3604 vestris
738 3541 900 3605 sententiis
929 3540 1157 3617 liberaveritis,
1195 3545 1298 3608 statim
1330 3544 1451 3608 sicute

125 3655 218 3698 cavea
241 3635 292 3698 leo
314 3636 427 3698 missus
449 3643 502 3697 aut
523 3634 625 3720 eliqua
648 3634 827 3699 taeterrima
848 3635 943 3700 belua
966 3640 1067 3703 soluta
1090 3661 1131 3702 ex
1160 3639 1278 3703 catenis
1306 3638 1451 3714 volitabit
1460 3669 1487 3712 ,ς

125 3738 155 3793 et
176 3730 338 3812 vagabitur
359 3728 391 3792 in
413 3728 506 3804 foro,
544 3751 658 3794 acuens
680 3733 790 3794 dentes
815 3727 951 3815 [multos]
980 3734 1012 3796 iu
1040 3736 1191 3818 cuiusque
1220 3733 1379 3809 fortunas,
1417 3735 1450 3798 iu

125 3844 233 3888 omnes
255 3823 374 3889 amicos
396 3830 490 3910 atque
513 3824 674 3899 inimicos,
708 3834 798 3888 notos
821 3833 914 3910 atque
937 3825 1062 3910 ignotos
1092 3827 1276 3902 incursans,
1314 3830 1448 3891 aliorum

125 3916 235 3982 famam
260 3915 466 4002 depeculans,
501 3919 635 3983 aliorum
668 3927 760 4004 caput
793 3939 991 4004 oppugnans,
1029 3921 1161 3986 aliorum
1195 3921 1324 3988 domum
1357 3931 1449 4006 atque

128 4031 253 4076 omnem
275 4013 427 4077 familiam
443 4011 655 4099 perfringens,
678 4012 918 4096 rempublicam
942 4013 1080 4080 funditus
1097 4015 1296 4082 labefactans.
1332 4019 1448 4093 Quare,

125 4105 268 4185 iudices,
296 4106 399 4172 eiieite
423 4129 494 4172 eum
518 4109 717 4180 decivitate,
749 4105 878 4174 liberate
900 4129 1008 4174 onmes
1031 4110 1217 4188 formidine:
1248 4112 1339 4174 vobis
1362 4109 1486 4180 deni-40

125 4222 184 4287 que
218 4201 296 4288 ipsis
318 4205 480 4269 consulite.
538 4206 616 4266 Nam
647 4205 672 4266 si
700 4205 793 4267 istum
823 4205 1010 4289 impunitum
1039 4205 1232 4278 dimiseritis,
1267 4205 1299 4266 in
1328 4212 1450 4268 vosmet

123 4298 222 4381 ipsos,
246 4296 324 4360 mihi
346 4298 483 4371 credite,
508 4296 606 4363 feram
630 4306 660 4361 et
682 4297 888 4363 truculentam
912 4296 1058 4372 bestiam,
1083 4299 1216 4370 iudices,
1240 4299 1444 4363 immiseritis.

124 4392 218 4454 Item:
241 4393 319 4454 Nam
342 4391 430 4456 side
453 4394 526 4466 boc,
549 4395 685 4463 iudices,
708 4413 834 4474 gravem
858 4396 1043 4457 sententiam
1067 4393 1214 4464 tuleritis,
1243 4412 1307 4457 uno
1330 4392 1447 4458 iudicio

190 4580 217 4630 l.
237 4582 370 4644 saltem
387 4584 489 4645 {rastra
507 4582 662 4632 pauent:
692 4584 793 4646 [rostro
819 4582 889 4645 {olan
908 4595 952 4641 spe
973 4583 1003 4631 ll.
1033 4606 1064 4617 -
1095 4581 1120 4629 8.
1151 4588 1240 4630 temen
1265 4582 1352 4629 dicum
1376 4583 1446 4641 ltbrt,

124 4653 200 4701 etlam
221 4657 320 4702 nostrl:
340 4654 428 4701 dtcom
446 4661 532 4703 tomen
553 4654 580 4702 E.
604 4678 632 4689 -
654 4653 970 4702 lamententur:
991 4665 1042 4702 esse
1063 4651 1092 4700 E.
1115 4676 1142 4686 -
1165 4651 1207 4699 to.
1221 4649 1341 4714 [ortano]
1362 4652 1448 4711 sonno

125 4723 185 4772 llru.
207 4736 313 4784 operae.
336 4749 363 4760 -
385 4723 428 4773 et.
451 4725 496 4772 Vr.
516 4724 860 4787 prroe··aoorr'tiuedet.
883 4724 943 4771 Scb.
966 4748 993 4758 -
1026 4721 1217 4770 contrusisset
1237 4722 1388 4772 PXttFRT:
1409 4731 1448 4775 est
1488 4763 1492 4770 .

124 4797 260 4843 contraria
276 4795 306 4843 e.
320 4820 350 4831 -
366 4793 409 4843 ³5.
423 4797 527 4844 emese:
541 4795 577 4848 a.
593 4794 621 4841 L.
640 4814 660 4825 -
688 4793 731 4843 36.
746 4795 842 4842 babens
852 4793 926 4843 Pae.
941 4817 970 4828 -
990 4791 1085 4839 sraottov
1098 4792 1150 4840 det.
1166 4792 1195 4840 t..
1211 4792 1272 4842 seb.
1287 4806 1349 4843 sane
1363 4797 1446 4845 tueut·

125 4873 211 4916 estun
231 4873 339 4924 propter
359 4864 448 4916 falsam
462 4867 522 4915 leet.
543 4865 648 4915 tatem.
664 4888 694 4899 -
724 4864 768 4916 42.
787 4863 898 4918 iudices,
927 4863 1089 4911 immisertts's
1109 4862 1261 4915 PABFRT:
1285 4865 1447 4919 tmmtssrtsts

125 4939 185 4996 (om.
204 4935 314 4999 tadum)
334 4934 364 4985 B.
