3232 5392
637 255 713 322 tls.
736 253 777 321 11.
823 254 855 322 C.
877 249 907 320 1.
929 255 958 318 5.
1389 250 1450 322 115

135 420 192 483 sed
213 426 333 493 tamen,
362 435 436 481 vere
456 416 574 492 dicam,
603 419 731 503 quaevis
752 415 876 483 mallem
897 419 1006 483 fuisset
1031 435 1124 501 mam
1145 417 1219 492 ista,
1242 435 1336 503 wana
1359 417 1448 488 diois.

134 515 201 597 ligo
238 511 320 577 enim
359 509 415 595 (ut,
453 512 716 597 quemadmodum
746 513 866 588 sentio,
903 510 1023 598 loquar]
1056 532 1215 597 nunquam
1243 512 1318 577 mibi
1347 516 1450 581 minus

132 626 225 692 quam
246 605 393 671 besterno
419 604 469 671 die
489 606 607 693 placui;
638 606 738 691 magis
759 604 839 672 adeo
861 608 894 670 id
918 605 1064 671 facilitate
1089 627 1182 692 quam
1201 607 1337 674 aliaulla
1360 609 1452 696 culpa

132 721 204 768 mea
222 701 351 786 contigit
371 748 380 776 ,
401 700 465 788 qui,
484 702 559 767 dum
583 704 740 788 obsequor
760 699 1026 776 adolescentibus,
1049 722 1100 767 me
1120 723 1228 768 senem
1251 722 1319 768 esse
1333 704 1450 770 oblitus

132 816 202 861 snm
223 794 347 883 fecique
367 797 418 872 id,
446 797 532 880 quod
555 814 595 859 ne
617 794 799 861 adolescens
821 797 949 881 quidem
968 793 1123 869 feceram,
1151 805 1188 862 nt
1210 795 1249 862 iis
1274 796 1314 863 de
1338 800 1473 873 rebus,s

132 911 213 977 quae
235 889 376 956 doctrina
393 889 497 973 aliqua
520 891 770 966 continerentur,
799 888 1000 974 disputarem.
1045 893 1105 954 Sed
1129 893 1190 956 hoc
1210 899 1314 958 umen
1339 894 1452 958 cecidit

131 985 209 1048 mibi
228 992 481 1070 peropportune,
515 983 619 1071 quod,
655 986 818 1050 transactis
845 987 906 1049 iam
928 985 1006 1049 meis
1030 983 1188 1068 partibus,
1216 985 1256 1052 ad
1280 989 1451 1053 Antonium

131 1075 320 1142 audiendum
347 1078 487 1144 venistis.
533 1082 584 1144 16.
622 1083 702 1145 Tum
728 1083 858 1158 Caesar,
889 1076 1058 1164 Equidem,
1089 1079 1207 1165 inquit,
1242 1082 1372 1159 Crasse,
1407 1084 1452 1147 ita

131 1191 200 1236 sum
223 1172 354 1258 cupidus
375 1177 407 1238 in
429 1172 480 1238 illa
506 1171 648 1258 longiore
670 1182 701 1239 te
728 1196 765 1240 ao
790 1182 942 1262 perpetua
968 1171 1178 1259 disputatione
1199 1175 1364 1250 audiendi,
1395 1184 1449 1253 ut,

131 1267 159 1332 si
173 1266 206 1331 id
225 1266 302 1332 mibi
324 1268 426 1332 minus
446 1270 622 1353 contingat,
645 1267 695 1335 rel
715 1273 775 1335 boc
797 1271 856 1334 sim
875 1266 1058 1355 quotidiano
1082 1278 1137 1334 tuo
1152 1289 1297 1335 sermone
1321 1278 1489 1337 conten-so

132 1368 193 1426 tna.
240 1362 348 1448 ltaque
362 1361 508 1448 experiar
522 1365 669 1449 equidem
683 1361 775 1439 illud,
797 1370 833 1429 ut
845 1382 887 1428 ne
902 1360 1072 1449 Sulpicius,
1095 1361 1255 1429 lamiliaris
1274 1385 1376 1441 meus,
1397 1373 1451 1431 aut

133 1457 222 1522 Cotta
242 1455 312 1542 plus
334 1476 427 1542 quam
451 1476 510 1541 ego
537 1461 620 1543 apud
642 1467 675 1524 te
695 1456 801 1523 valere
821 1459 1004 1532 rideantur,
1026 1466 1058 1522 et
1076 1464 1106 1523 te
1127 1462 1268 1525 exorabo
1288 1459 1448 1544 prolecto,

129 1557 167 1613 ut
187 1550 264 1615 mibi
284 1570 412 1637 qnoque
437 1559 468 1616 et
492 1549 602 1617 Catulo
626 1559 697 1617 tuae
720 1550 881 1617 suavitatis
906 1550 1022 1636 aliquid
1046 1551 1219 1638 impertias.
1264 1555 1318 1619 Sin
1340 1555 1396 1622 tibi
1417 1556 1451 1622 id

130 1644 234 1709 minus
255 1642 383 1721 libebit,
415 1664 481 1709 non
503 1652 533 1709 te
556 1648 678 1731 urgebo
698 1665 801 1731 neque
821 1648 1032 1722 committam,
1055 1655 1106 1722 ut,
1137 1648 1211 1713 dnm
1237 1669 1385 1724 vereare,
1416 1660 1451 1717 tu

130 1757 172 1802 ne
195 1736 238 1803 sis
259 1739 402 1822 ineptus,
423 1758 560 1805 maesse
578 1739 710 1806 iudices.
756 1743 805 1807 17.
827 1744 907 1806 Tum
927 1739 997 1816 illc,
1019 1744 1086 1826 Ego
1110 1745 1309 1820 mehercule,
1331 1745 1488 1830 inquit,as

131 1835 262 1908 Caena,
284 1851 325 1899 ex
346 1834 493 1900 omnibns
510 1836 626 1900 Latinis
641 1835 745 1901 verbis
758 1836 851 1901 buius
867 1835 957 1901 verbi
979 1836 1043 1899 rim
1065 1837 1115 1900 vel
1136 1836 1303 1903 maximam
1326 1859 1451 1924 semper

129 1927 249 2013 putavi.
294 1930 398 2006 Quem
425 1930 508 1994 enim
534 1948 593 1996 nos
618 1928 795 2013 ineptum
824 1948 988 2001 vocamus,
1021 1930 1048 1993 is
1072 1929 1150 1995 mihi
1176 1931 1301 1997 videtur
1321 1936 1361 1998 ab
1388 1935 1450 1998 hoo

130 2041 246 2088 nomen
264 2025 380 2088 babere
403 2024 545 2099 ductum,
568 2025 652 2109 quod
674 2043 762 2089 non
783 2026 824 2090 sit
843 2031 971 2106 aptus,
998 2024 1093 2108 idque
1114 2024 1148 2088 in
1171 2029 1324 2091 sermonis
1349 2027 1449 2093 nostri

131 2118 357 2183 consuetudine
374 2119 496 2201 perlate
521 2126 618 2203 patet.
663 2121 740 2183 Nam
766 2117 821 2204 qni
845 2124 915 2192 aut,
945 2124 1069 2203 tempus
1094 2116 1171 2204 quid
1195 2120 1351 2205 postulet,
1384 2142 1450 2187 non

128 2213 217 2276 ridet
241 2218 296 2276 aut
319 2210 409 2295 plura
432 2211 573 2296 loquitor
593 2219 648 2276 aut
669 2231 704 2277 se
726 2218 861 2278 ostentat
880 2218 934 2276 aut
957 2232 1084 2288 eorum,
1108 2209 1295 2299 quibuscum
1313 2222 1376 2289 est,
1399 2218 1490 2282 veles

129 2304 287 2390 dignitatis
308 2303 358 2370 vel
378 2304 535 2371 commodi
554 2308 708 2371 rationem
728 2326 792 2372 non
814 2308 909 2371 babet
925 2314 980 2369 aut
999 2307 1133 2392 denique
1152 2305 1184 2371 in
1207 2305 1314 2393 aliquo
1335 2331 1450 2394 genere
1562 2314 1567 2321 ’

129 2409 184 2466 aut
198 2401 404 2464 inconcinnus
422 2408 476 2464 aut
495 2399 609 2465 multus
633 2408 695 2475 est,
717 2399 744 2465 is
764 2399 888 2487 ineptus
909 2397 1032 2465 dicitur.
1079 2402 1129 2464 18.
1154 2402 1225 2464 Hoc
1245 2402 1322 2466 vitio
1342 2422 1452 2471 cumu-

129 2496 189 2560 lata
211 2504 258 2559 est
277 2493 488 2559 eruditissima
508 2493 563 2560 illa
583 2498 774 2561 Graecorum
795 2493 889 2558 natio.
933 2495 1042 2578 ltaque
1064 2496 1149 2579 quod
1171 2493 1235 2559 vim
1257 2496 1351 2563 huius
1374 2499 1449 2565 mali

129 2588 243 2656 Graeci
268 2608 332 2654 non
357 2587 480 2664 vident,
514 2608 554 2653 ne
584 2610 700 2653 nomen
722 2587 849 2674 quidem
873 2589 902 2652 ei
925 2590 1002 2654 vitio
1027 2588 1253 2674 imposuerunt.
1298 2593 1336 2656 Ut
1364 2594 1448 2658 enim

128 2704 265 2769 quaeras
296 2682 417 2757 omnia,
447 2687 606 2768 quomodo
637 2685 745 2750 Graeci
778 2685 960 2770 ineptum
991 2681 1181 2768 appellent„
1201 2704 1265 2750 non
1293 2690 1485 2773 reperisses

128 2779 277 2845 Omnium
288 2784 392 2842 autem
404 2779 613 2864 ineptiarum,
636 2786 801 2864 quaesunt
819 2773 1077 2854 innumerabiles,
1101 2777 1184 2845 baud
1203 2782 1286 2855 scio,
1308 2802 1348 2846 an
1363 2783 1448 2850 nulla

127 2874 168 2940 sit
188 2873 304 2948 maior,
336 2891 448 2957 quam,
482 2880 517 2937 ut
535 2871 581 2937 illi
606 2870 722 2947 solent,
750 2892 939 2958 quocunque
959 2871 992 2937 in
1016 2872 1108 2949 loco,
1142 2893 1345 2961 quoscunque
1366 2881 1448 2946 inter

127 2968 273 3035 homines
297 2967 397 3032 visum
416 2974 480 3041 est,
515 2963 671 3031 derebus
694 2973 747 3032 aut
768 2963 957 3031 difficillimis
980 2975 1120 3031 autnon
1143 2971 1329 3037 necessariis
1350 2993 1444 3056 argu-

127 3064 247 3129 tissime
269 3061 442 3147 disputare,
474 3061 536 3125 hoe
559 3072 617 3126 nos
643 3063 683 3125 ab
705 3059 771 3125 istis
794 3059 1046 3126 adolescentibus
1065 3060 1172 3128 iacere
1192 3065 1280 3129 inriti
1303 3075 1334 3131 et
1355 3088 1446 3132 recu·

128 3164 232 3223 santes
252 3154 323 3221 beri
349 3152 448 3219 coacti
475 3174 592 3225 sumus.
635 3159 674 3222 V.
701 3157 753 3219 19.
787 3157 866 3219 Tum
896 3157 1037 3232 Catulus,
1075 3160 1121 3222 Ne
1152 3158 1263 3224 Graeci
1294 3159 1480 3243 quidem„

127 3250 244 3337 inquit,
273 3251 402 3327 Crasse,
431 3247 538 3337 quiin
560 3247 736 3315 civitatibus
758 3248 823 3314 suis
844 3249 922 3314 olari
943 3258 974 3314 et
995 3251 1099 3337 magni
1120 3251 1262 3327 luerunt,
1296 3255 1387 3321 sicuti
1409 3265 1443 3323 tu

128 3367 163 3411 es
184 3365 304 3434 nosque
326 3365 435 3410 omnes
456 3342 490 3408 in
510 3352 620 3409 nostra
637 3362 674 3407 re
695 3344 821 3430 publica
841 3345 985 3410 volumus
1000 3366 1087 3423 esse,
1110 3349 1224 3412 burum
1239 3351 1443 3426 Graecorum,

127 3439 182 3528 qni
203 3462 237 3506 se
258 3439 412 3507 inculcant
432 3436 559 3505 auribus
582 3437 714 3513 nostris,
747 3435 866 3502 similes
894 3437 1020 3504 fuorunt
1048 3459 1106 3505 neo
1132 3442 1165 3504 in
1194 3443 1260 3508 otio
1282 3463 1442 3510 sermones

126 3535 305 3601 huiusmodi
326 3533 613 3619 disputationesque
634 3531 805 3617 fugiebant.
848 3535 901 3597 10.
924 3537 968 3598 Ac
989 3536 1015 3600 si
1034 3533 1092 3599 tibi
1107 3536 1271 3612 videntur,
1295 3536 1350 3624 qui
1365 3545 1444 3603 tem-

127 3631 232 3716 poris,
256 3630 309 3716 qni
330 3628 412 3705 loci,
436 3629 489 3713 qui
504 3626 668 3693 bominum
681 3628 836 3692 rationem
850 3647 913 3692 non
927 3625 1057 3702 babent,
1080 3627 1197 3712 inepti,
1221 3629 1301 3696 sicut
1327 3633 1479 3708 dehent„

126 3721 239 3803 rideri3
263 3745 337 3791 num
358 3725 483 3789 tandem
505 3730 558 3788 aut
577 3721 665 3788 locus
685 3722 739 3787 hie
760 3742 825 3786 non
846 3724 977 3786 idoneus
999 3719 1139 3796 videtur,
1161 3721 1195 3788 in
1217 3743 1279 3809 quo
1301 3725 1441 3811 porticus

127 3817 203 3882 baec
231 3819 314 3904 ipsa,
351 3815 406 3884 ubi
437 3837 522 3883 nnnc
552 3819 766 3893 ambulamus,
803 3821 834 3880 et
861 3813 1016 3902 palaestra
1045 3823 1077 3880 et
1102 3823 1151 3880 tot
1177 3814 1255 3881 locis
1283 3819 1440 3885 sessiones

128 3914 358 3998 gymnasiorum
401 3921 433 3977 et
473 3914 663 3978 Graecarum
699 3911 942 3997 disputationum
982 3910 1166 3975 memoriam
1206 3914 1439 3996 quodammodo

129 4012 1426 4043 ——-—-——-———-——-——-——————-————-L

194 4085 222 4135 1.
240 4097 295 4149 quc
312 4085 366 4136 eiua
383 4097 467 4137 causo
482 4084 586 4136 moden
601 4085 685 4150 [uisse
702 4086 761 4144 (stet
780 4084 812 4134 Β.
838 4106 871 4118 ·—
902 4082 929 4133 1.
948 4083 1059 4134 rentium
1076 4081 1123 4149 Lg.
1143 4096 1233 4136 omnes
1252 4083 1437 4152 (praetecti.)

126 4150 182 4206 ΒΒ.
201 4180 236 4191 -
254 4155 280 4207 3.
300 4155 358 4206 ullo
375 4169 427 4207 our.
446 4155 488 4217 Β,
506 4156 600 4222 utiquo
618 4154 695 4220 culpo
711 4169 770 4208 msc
786 4154 862 4205 beid.
882 4176 915 4189 -
941 4166 1000 4204 mec
1016 4154 1095 4218 culpo
1113 4154 1144 4203 Β.
1164 4176 1197 4193 -
1223 4153 1251 4205 d.
1271 4158 1382 4222 contigit
1399 4171 1439 4209 se·

127 4228 229 4278 clusum
248 4227 304 4279 volt
319 4226 426 4279 Bellus.
440 4250 472 4264 -
490 4225 588 4277 oblitus
605 4239 663 4277 suus
680 4226 765 4279 Godd.
785 4225 836 4286 el,
855 4220 895 4275 R:
913 4237 971 4274 sum
989 4224 1084 4275 oblitus
1102 4224 1155 4276 ΒΒ.
1176 4247 1207 4262 -·
1225 4222 1252 4276 0.
1271 4227 1300 4275 to
1317 4227 1365 4277 tlte
1382 4227 1439 4276 too·

125 4295 200 4363 ptore
217 4305 242 4350 te
259 4297 281 4348 Β
299 4297 413 4363 sitique,
434 4297 472 4346 R:
493 4304 517 4348 te
535 4298 565 4346 tn
581 4296 630 4348 illu
648 4295 767 4362 lonqtore
784 4295 815 4346 Β.
837 4318 868 4330 -
897 4295 941 4345 tu.
960 4300 1004 4345 tuo
1024 4308 1077 4346 om.
1096 4293 1152 4345 BR.
1179 4319 1210 4331 -
1242 4296 1282 4344 11.
1301 4299 1438 4360 ceperim

126 4367 229 4434 Μαι
246 4368 302 4420 BR.
330 4394 359 4407 -
389 4366 458 4418 ttlud
485 4379 537 4418 om.
557 4379 596 4428 pr.
615 4365 692 4419 leid.
712 4366 787 4432 prob.
807 4364 899 4418 Bello.
921 4388 950 4401 -
982 4365 1024 4415 11.
1051 4365 1193 4416 moneor
1209 4364 1231 4414 Β
1249 4366 1366 4429 sitique,
1394 4367 1436 4418 R:

125 4439 247 4491 uideatur
264 4439 295 4497 Β.
317 4463 348 4476 -
368 4439 412 4491 15.
430 4439 517 4502 toqutt
535 4435 643 4488 crassus
660 4437 707 4502 Lg.
728 4440 855 4502 quinque.
892 4434 949 4495 (nrt
966 4449 991 4507 a,
999 4442 1163 4496 correctore,
1183 4438 1228 4499 qut
1250 4436 1346 4487 Coesur
1363 4449 1439 4490 roca·

126 4513 172 4561 ttr.
192 4523 249 4562 esse
267 4522 320 4562 non
339 4507 534 4573 perspiciebat.)
554 4532 585 4544 -
612 4507 656 4558 11.
675 4510 745 4574 qood
764 4508 795 4560 Β.
825 4533 853 4544 -
885 4506 929 4557 11.
948 4508 1049 4571 torpeus
1065 4519 1119 4559 esse
1136 4507 1235 4556 dicitur
1252 4506 1308 4557 ΒΒ.
1335 4531 1362 4543 -
1391 4510 1436 4560 15.

126 4592 193 4645 quoe
208 4580 287 4632 modo
305 4579 335 4630 Β.
357 4606 387 4618 -
415 4578 458 4630 13.
478 4578 535 4629 ullo
553 4577 637 4630 codd.
665 4579 718 4640 sl,
748 4580 780 4631 R.
807 4575 851 4642 (tlt
868 4590 935 4638 nos,
961 4574 1005 4642 Β.)
1033 4602 1065 4615 -
1092 4574 1135 4628 17.
1155 4589 1235 4641 quoru
1252 4582 1281 4626 ut
1298 4574 1338 4627 ttlt
1354 4579 1440 4631 rotent

125 4650 147 4701 Β
165 4651 284 4717 etttque:
303 4664 383 4716 quum
400 4651 525 4712 illorum,
544 4651 591 4715 qut
608 4647 692 4700 solent
708 4649 765 4701 ΒΕ.
787 4674 816 4686 -
835 4648 880 4700 31.
898 4649 991 4710 mopsi
1009 4652 1033 4696 et
1051 4647 1119 4698 olori
1137 4647 1171 4697 Β.
1190 4670 1224 4681 -
1241 4645 1284 4698 33.
1305 4659 1351 4697 nec
1366 4651 1397 4700 in
1414 4650 1439 4702 A

127 4718 227 4786 (Codex
244 4722 411 4774 Abrtneenrts
430 4720 516 4773 secuti
535 4718 588 4782 X.,
615 4721 662 4784 qut
686 4726 716 4772 ut
734 4722 815 4772 ceteri
834 4719 917 4770 muttit
937 4719 998 4768 btnc
1017 4718 1131 4780 incipit.)
1149 4720 1213 4768 ttem
1231 4716 1252 4767 Β
1270 4724 1298 4770 et
1315 4719 1437 4774 meliores

127 4793 272 4846 Rllendtttc
291 4805 338 4844 osc
354 4797 442 4842 tumen
458 4793 488 4841 tu
498 4789 555 4841 Rll.
569 4814 603 4828 -·
621 4789 664 4844 37.
683 4791 728 4842 ubi
743 4804 813 4842 nunc
827 4788 993 4841 ambulemus
1004 4787 1029 4839 A
1047 4794 1074 4839 et
1093 4787 1214 4840 meliores
1233 4787 1375 4843 llllsndttl:
1393 4792 1438 4843 ubt

125 4862 371 4924 communiora,
389 4861 436 4914 ott
453 4861 615 4914 amotum
632 4859 695 4928 (31)
714 4861 746 4914 Β.
761 4887 792 4899 -
812 4858 856 4913 33.
876 4856 1036 4910 &moretm
1052 4858 1258 4922 dteputotiooum
1276 4860 1309 4925 Β,
1328 4857 1438 4914 Graeco·

126 4949 185 4989 nem
201 4942 226 4987 es
245 4935 453 4997 disputationem
470 4931 535 4987 cod·
555 4931 642 4986 oxon.
659 4931 676 4986 d
693 4939 721 4988 ot
737 4931 830 4986 bamb.
848 4928 943 4996 probb.
960 4927 1069 4984 Perrcto
1088 4936 1115 4982 et
1131 4928 1225 4983 Rullo.

184 5041 321 5095 oms-t
1067 5036 1106 5107 15
