3232 5392
113 230 115 234 ,
187 176 229 240 to
394 219 406 241 .
694 178 747 242 Al)
773 179 1007 244 namuurum

1223 301 1233 330 b

187 336 363 400 mediocres
390 338 478 399 locos
506 338 625 400 habere
651 344 786 422 oportet.
841 340 919 402 Nam
949 345 981 404 et
1000 345 1127 425 praeter
1147 339 1276 403 modum
1298 338 1395 426 ampli
1417 359 1514 425 vagas

185 427 339 513 imagines
370 432 505 495 reddunt
537 438 569 495 et
599 430 692 495 nimis
718 432 841 515 angusti
873 452 967 519 saepe
997 452 1062 497 nan
1090 434 1236 497 videniur
1267 452 1363 519 posse
1396 454 1511 518 capere

185 520 355 607 imaginum
378 523 629 588 collocationem.
688 528 741 590 31.
772 530 850 590 Turn
872 548 931 591 nee
951 527 1044 591 nimis
1066 528 1203 592 illustres
1225 548 1283 592 nec
1305 530 1513 593 vehementer

187 618 337 681 obscuros
368 619 456 682 locos
488 619 598 682 haberi
631 626 776 704 oportet,
813 641 854 685 ne
884 627 938 685 aut
959 622 1169 686 obcaecentur
1190 623 1329 686 tenebris
1358 623 1512 709 imagines

165 718 240 774 saut
260 711 427 794 splendore
449 710 676 797 praefulgeant.
721 715 889 778 Intervalla
917 716 1060 779 locorum
1092 716 1264 781 mediocria
1291 737 1362 780 esse
1394 719 1509 803 placet,

185 805 252 870 iere
284 806 389 891 paullo
421 807 491 891 plus
524 814 579 870 aut
609 808 712 871 minus
742 809 857 892 pedum
888 809 1052 873 tricenum.
1108 812 1186 874 Nam
1208 816 1243 872 ut
1264 818 1430 897 aspectus,
1467 811 1511 874 ita

187 902 333 984 cogitatio
355 901 457 965 minus
483 902 586 976 valet,
625 903 690 965 sive
717 902 809 964 nimis
836 902 947 985 procul
975 905 1171 979 removeris,
1208 905 1274 968 sive
1306 903 1510 970 vehementer

185 1014 285 1081 prope
307 993 483 1059 admoveris
504 996 555 1070 id,
580 997 664 1080 quod
687 1002 811 1081 oportet
831 996 942 1059 videri.
987 998 1050 1062 Sed
1071 1018 1259 1083 quamquam
1280 999 1373 1064 iaciie
1394 1006 1443 1064 esi
1464 997 1506 1073 ei,

185 1088 241 1172 qui
262 1086 366 1174 paullo
389 1090 622 1173 exploraverit,
648 1095 679 1152 ei
700 1086 843 1172 quamvis
865 1091 979 1154 multos
1001 1100 1034 1164 et
1053 1093 1186 1157 idoneos
1207 1094 1296 1157 locos
1310 1112 1506 1179 comparare,

147 1198 176 1237 10
185 1189 289 1247 tamma
310 1184 336 1246 si
360 1182 428 1267 quis
450 1185 525 1245 satis
546 1184 681 1246 idoneos
701 1182 843 1247 invenire
865 1205 899 1248 se
921 1203 985 1249 non
1006 1187 1145 1272 putabit,
1170 1185 1236 1272 ipse
1258 1186 1319 1251 sibi
1339 1189 1509 1251 constituat

185 1297 279 1363 quam
310 1274 396 1340 volet
426 1275 541 1340 multos
572 1274 690 1340 licebit.
736 1278 891 1361 Cogitatio
922 1281 1006 1343 enim
1039 1280 1180 1364 quamvis
1209 1279 1372 1364 regionem
1404 1287 1509 1366 potest

184 1370 330 1456 amplecti
360 1378 391 1433 ei
422 1368 454 1433 in
477 1391 515 1433 ea
543 1367 637 1432 situm
665 1370 727 1433 loci
755 1370 913 1435 cuiusdam
940 1375 980 1436 ad
1007 1394 1098 1437 suum
1120 1371 1284 1438 arbitrium
1305 1371 1454 1439 fabricari
1475 1381 1508 1438 et

183 1465 392 1539 architectari.
438 1465 543 1540 Quare
564 1461 691 1538 licebit,
722 1462 748 1529 si
770 1466 828 1528 bac
850 1474 996 1550 prompta
1017 1468 1108 1552 copia
1128 1471 1267 1533 contenti
1290 1489 1354 1532 non
1376 1470 1505 1544 eminus,

183 1565 305 1623 uosmet
325 1555 412 1638 ipsos
432 1554 522 1621 nobis
543 1556 732 1641 cogitatione
753 1568 858 1624 nostra
880 1558 1042 1644 regionem
1064 1561 1253 1626 constituere
1273 1569 1304 1626 et
1318 1560 1507 1629 idoneorum

145 1651 325 1718 uiscerum
347 1648 629 1715 commodissimam
651 1650 880 1717 distinctionem
902 1673 1096 1736 comparare.
1141 1659 1189 1719 De
1205 1654 1282 1720 locis
1297 1657 1371 1721 satis
1386 1653 1505 1722 dictam

183 1755 245 1812 est:
270 1768 351 1812 nune
371 1749 412 1810 ad
433 1743 603 1829 imaginum
624 1743 777 1810 rationem
801 1755 1006 1812 transeamus.

266 1843 337 1906 XX.
359 1843 411 1904 33.
436 1837 592 1916 Quoniam
622 1859 698 1924 ergo
728 1860 834 1904 rerum
864 1839 981 1907 similes
1001 1840 1154 1924 imagines
1177 1851 1246 1907 esse
1267 1850 1392 1928 oportet
1413 1852 1444 1909 ei
1465 1864 1505 1909 ex

182 1937 328 2002 omnibus
349 1933 454 1999 verbis
475 1941 566 1997 notas
588 1932 679 1998 nobis
700 1932 919 1999 similitudines
941 1934 1057 2018 eligere
1076 1934 1244 2011 debemus,
1267 1936 1406 2022 duplices
1420 1936 1506 2003 simi-

182 2029 329 2096 litudines
350 2047 419 2093 esse
440 2023 573 2102 debent,
596 2047 677 2091 unae
698 2048 826 2102 rerum,
856 2028 973 2095 alterae
996 2032 1177 2107 verborum.
1222 2034 1340 2095 ilerum
1361 2029 1506 2096 similitu-

34 2204 40 2215 ·
144 2123 270 2191 ”dines
291 2122 528 2209 exprimuntur,
562 2141 634 2185 cum
664 2121 841 2186 summatim
864 2125 1006 2205 ipsorum
1028 2123 1227 2208 negotiemm
1248 2124 1399 2209 imagines
1421 2146 1506 2191 com-

181 2239 350 2304 paramus;
385 2220 555 2281 verborum
587 2214 804 2281 similitudines
835 2216 1085 2292 constituuntur,
1124 2238 1196 2282 cam
1223 2220 1316 2284 unius
1352 2218 1505 2306 caiusque

181 2311 317 2378 nominis
350 2319 381 2376 et
412 2308 558 2376 vocabuli
590 2309 741 2375 memoria
770 2310 906 2394 imagine
938 2319 1073 2376 notatur.
1122 2310 1180 2376 Rei
1200 2311 1297 2391 totius
1318 2312 1504 2378 memoriam

181 2427 274 2494 saepe
295 2426 356 2471 una
377 2415 451 2470 neta
474 2413 506 2469 et
526 2402 660 2489 imagine
689 2404 821 2491 simplici
850 2404 1172 2491 comprehendemus,
1207 2408 1267 2472 boc
1298 2405 1420 2472 modo:
1456 2416 1502 2483 ut,

181 2501 208 2566 si
241 2509 402 2566 accusator
433 2497 551 2563 dixerit
582 2497 621 2562 ab
650 2519 707 2563 reo
743 2497 900 2563 bominem
933 2519 1056 2563 venena
1088 2509 1231 2565 necatum
1262 2508 1294 2564 ei
1321 2499 1504 2567 hereditatis

143 2615 274 2662 sscausa
294 2596 410 2660 iactum
431 2595 571 2678 arguerit
593 2603 625 2657 et
645 2592 713 2657 eius
733 2594 783 2659 rei
804 2595 920 2658 multos
940 2592 1058 2658 dixerit
1078 2600 1172 2658 testes
1194 2603 1225 2658 et
1246 2594 1387 2658 conscios
1409 2614 1501 2659 esse:

181 2689 208 2755 si
228 2693 289 2754 boc
308 2689 465 2775 primum,
502 2696 536 2752 ut
567 2686 607 2752 ad
638 2686 867 2753 defendendum
898 2685 989 2753 nobis
1018 2685 1198 2774 expeditum
1227 2689 1284 2762 sit,
1323 2687 1503 2753 meminisse

180 2785 343 2859 volemus,
367 2786 398 2847 in
420 2781 524 2868 primo
545 2781 615 2847 loco
637 2781 686 2847 rei
707 2780 801 2847 totius
822 2785 990 2867 imaginem
1012 2780 1302 2846 conformabimus:
1337 2789 1502 2865 aegrotum

179 2877 213 2943 in
245 2879 325 2944 lecto
359 2875 523 2941 cubantem
555 2875 704 2941 iaciemus
734 2876 837 2962 ipsum
859 2875 961 2951 illum,
997 2878 1036 2940 de
1065 2894 1128 2960 qua
1150 2884 1280 2958 agetur,
1316 2878 1343 2940 si
1364 2876 1501 2941 termam

180 2974 248 3037 eius
262 2970 489 3050 detinebimus;
513 2972 540 3036 si
556 2992 627 3036 eum
644 2989 706 3035 non
726 2970 961 3055 agnoverimus,
983 2969 1119 3054 aliquem
1131 2978 1292 3054 aegrotum
1307 2990 1373 3035 non
1388 2972 1428 3035 de
1444 2969 1503 3035 mi·

144 3068 266 3134 sanimo
298 3069 369 3134 laco
402 3087 578 3142 sumemus,
616 3074 650 3129 ut
681 3064 744 3130 cito
771 3065 804 3129 in
835 3073 973 3129 mentem
1001 3065 1109 3128 venire
1139 3063 1256 3146 possit,
1291 3073 1323 3128 et
1348 3085 1439 3129 reum
1462 3067 1502 3128 ad

177 3164 293 3229 lectum
321 3162 389 3227 eius
416 3161 639 3236 adstituemus,
674 3162 803 3223 dextera
832 3157 996 3245 poculum,
1039 3157 1164 3221 sinistra
1197 3155 1338 3234 tabulas,
1376 3157 1501 3224 medico

179 3257 337 3324 testiculos
365 3256 514 3322 arietinos
544 3262 709 3319 tenentem.
755 3255 824 3318 Hoc
854 3251 949 3318 modo
982 3259 1013 3316 et
1041 3251 1166 3317 testium
1195 3258 1227 3315 et
1256 3251 1438 3318 hereditatis
1469 3262 1501 3317 et

178 3373 299 3418 veneno
321 3354 422 3416 necati
443 3349 626 3415 memoriam
648 3346 763 3413 babere
786 3347 970 3432 poterimus.
1027 3349 1079 3410 et.
1118 3348 1196 3410 item
1227 3348 1374 3434 deinceps
1394 3356 1500 3412 cetera

177 3446 307 3513 crimina
328 3466 369 3510 ex
392 3443 502 3510 ordine
524 3443 556 3508 in
578 3441 655 3507 locis
677 3460 847 3528 ponemus3
876 3450 927 3516 ei,
956 3439 1204 3526 quotiescunque
1226 3460 1294 3504 rem
1318 3440 1498 3505 meminisse

141 3542 342 3616 ssvolemus,
373 3541 399 3605 si
420 3540 592 3603 formarum
614 3535 819 3622 dispositione
840 3542 872 3599 et
892 3534 1062 3617 imaginum
1085 3533 1226 3617 diligenti
1249 3536 1409 3599 natatione
1430 3544 1500 3599 uic-

177 3657 266 3712 mur‚
303 3635 395 3699 iacile
424 3654 482 3710 ea,
520 3653 599 3718 quae
629 3631 790 3705 volemus,
827 3628 980 3693 memoria
1003 3648 1243 3713 consequemur.
1288 3630 1380 3691 xxi.
1419 3628 1497 3691 Cam

176 3733 349 3796 verboram
382 3726 598 3793 similitudines
631 3723 818 3809 imaginibus
851 3721 1031 3806 exprimere
1066 3724 1232 3797 volemusa
1276 3721 1347 3805 plus
1379 3720 1499 3805 negotii

176 3824 384 3908 suscipiemus
407 3831 438 3887 ct
458 3821 558 3906 magis
580 3820 740 3905 ingenium
762 3826 905 3885 nestrum
927 3817 1156 3882 exercebimus.
1200 3815 1235 3880 ld
1251 3836 1309 3880 nas
1325 3813 1384 3880 bac
1399 3818 1497 3879 modo

176 3921 280 3986 iacere
308 3917 488 4006 oportebit:
526 3920 592 3980 ium
624 3917 834 3979 domuitionem
868 3933 950 3995 reges
985 3912 1109 3975 Atridae
1138 3922 1264 3992 paraui.
1321 3912 1357 3972 ln
1394 3911 1496 3996 primo

1368 4041 1491 4052 ..—

247 4132 274 4184 3.
294 4134 358 4182 item
374 4131 474 4181 ABFT.
496 4154 523 4165 -
545 4129 570 4179 9.
589 4128 682 4190 poetro
700 4127 879 4189 exploraverit
891 4125 994 4176 PAFT:
1013 4124 1105 4188 pauito
1122 4123 1203 4187 ptura
1221 4122 1399 4184 exploraverit
1417 4121 1495 4172 aaa.

178 4230 207 4243 -
229 4213 254 4256 st
272 4203 391 4268 quamvis
408 4201 537 4251 Parui:
559 4201 678 4264 quamuis
695 4199 748 4248 iiii.
771 4221 798 4232 -
826 4200 868 4247 so.
888 4199 945 4261 qais
962 4198 1030 4245 satis
1047 4196 1153 4244 mansos
1171 4193 1208 4243 B:
1235 4196 1294 4256 quis
1312 4195 1372 4243 edis
1389 4194 1496 4242 idoneor

177 4276 265 4338 pr.P,
297 4276 355 4338 qur's
374 4275 408 4322 ad
426 4275 477 4322 ista
495 4272 603 4320 manses
623 4270 690 4320 ai‘ii
710 4275 736 4319 et
754 4282 820 4319 corr.
837 4269 872 4323 Ρ.
900 4269 956 4331 quis
974 4266 1011 4314 ad
1029 4267 1081 4315 ista
1099 4266 1221 4314 idoneum
1239 4265 1276 4319 Τ,
1305 4266 1363 4326 quis
1387 4265 1422 4313 ad
1441 4267 1496 4312 ista

176 4346 359 4396 autisidousos
373 4345 404 4395 E.
441 4345 522 4394 Recte
539 4343 658 4392 liniturus
680 4343 828 4402 perspexit,
850 4351 890 4388 rr.
911 4338 946 4386 ad
962 4339 1016 4386 tata
1033 4344 1089 4386 orta
1110 4349 1167 4386 esse
1186 4349 1216 4385 ex
1235 4341 1394 4394 corruptor.
1415 4336 1494 4391 ratis,

179 4418 303 4479 quocirca
316 4415 421 4465 illabi·
437 4417 608 4476 expunximus
622 4423 681 4461 cum
693 4412 728 4468 ii,
748 4413 792 4473 qui
807 4423 836 4460 ea
850 4414 910 4458 ante
928 4421 952 4455 v.
966 4419 1121 4468 comparare
1139 4406 1286 4455 incuicsvii.
1308 4427 1338 4439 -
1359 4404 1402 4452 11.
1422 4419 1497 4454 suum

179 4487 320 4536 arbitrium
345 4486 474 4535 Parui:
504 4496 581 4533 suum
604 4482 765 4532 commodum
789 4485 814 4528 st
832 4479 973 4528 arbitrium
993 4479 1012 4527 ii
1030 4489 1088 4527 cunr
1109 4477 1267 4538 bellisque.
1303 4472 1348 4521 Est
1366 4475 1442 4534 giesi.
1466 4500 1494 4511 -

179 4557 221 4607 18.
241 4553 331 4619 uates]
349 4556 440 4607 biaiim
458 4559 574 4619 notares.
610 4553 678 4602 Vide
698 4551 727 4601 C.
743 4549 788 4599 11.
814 4545 841 4610 §-
855 4547 899 4598 37.
938 4547 989 4598 Oa.
1010 4545 1098 4608 (motas
1111 4546 1201 4595 debers
1213 4543 1394 4593 similitudines
1412 4545 1494 4597 Erns-

177 4629 220 4678 rtii
240 4624 358 4689 operae.)
377 4654 408 4663 -
428 4627 471 4676 11.
492 4625 528 4674 ab
539 4638 582 4676 rso
595 4637 646 4673 om.
662 4622 717 4672 ΑΤ.
734 4645 764 4656 -
782 4619 826 4669 11.
846 4624 876 4668 ui
893 4616 1082 4680 defendendum
1100 4617 1212 4667 Ernesti!
1232 4626 1336 4674 operas.
1355 4638 1382 4649 -
1404 4614 1494 4665 111111

177 4711 232 4748 uari
249 4699 301 4745 imo
317 4698 370 4746 iac.
387 4698 543 4749 Gronovius.
563 4694 626 4757 (aaa
644 4708 696 4743 orn.
710 4692 750 4740 Pi?
767 4698 793 4740 ai
813 4701 851 4751 pr.
869 4687 915 4750 Α.)
936 4714 964 4726 -
985 4689 1029 4738 31.
1048 4691 1158 4739 demere
1176 4684 1280 4735 aaut:
1299 4683 1395 4732 dextra
1412 4686 1492 4734 11111.

181 4793 210 4806 —-
230 4769 301 4817 domi
318 4769 445 4819 uitiouem
462 4774 578 4830 utroque
598 4766 654 4816 iore
675 4764 748 4824 iibri,
775 4763 852 4812 ettam
872 4762 964 4809 nostri.
1001 4758 1119 4811 Correxit
1137 4758 1277 4807 Victorius.
1303 4773 1336 4788 -
1355 4753 1389 4801 ia
1405 4755 1493 4819 primo

179 4839 236 4892 iaco
255 4837 334 4891 Sca:
353 4841 383 4890 iu
400 4840 456 4892 ioco
475 4851 535 4890 curn
553 4835 637 4889 coda.
657 4838 735 4887 stiam
754 4833 849 4884 nostris
869 4829 899 4883 it.
934 4829 1067 4893 Scriptum
1086 4832 1157 4881 erata
1177 4829 1207 4879 iu
1223 4825 1332 4877 Licea.
