3216 5400
174 214 216 282 58
678 215 731 279 ab
755 216 992 282 HERENNIUM

174 397 229 451 ea,
268 397 348 462 quae
378 384 541 443 versantur
571 375 604 440 in
633 398 780 444 sermone
810 387 842 444 et
864 379 1090 444 consuetudine
1113 377 1316 464 quotidiaua;
1354 377 1496 464 propria,

174 491 256 558 quac
280 471 346 535 eius
368 472 415 535 roi
437 475 534 535 verba
555 481 628 534 sunt
648 482 703 536 aut
724 496 793 539 esse
816 484 968 559 possunt,
993 495 1055 558 qua
1079 476 1118 537 de
1139 475 1318 560 loquemur.

260 567 310 629 18.
348 565 540 650 Compositio
564 574 612 629 θεῖ
633 571 802 633 verborum
825 569 1037 643 constructio,
1063 589 1142 653 quae
1165 570 1240 633 iacit
1262 589 1371 633 omncs
1393 576 1499 652 partes
1596 647 1598 649 q

174 658 326 726 orationis
349 661 556 746 aequabiliter
576 663 759 746 perpolitus.
803 665 849 726 Ea
872 665 1128 737 conservabitur,
1152 664 1178 727 si
1201 661 1355 745 fugiemus
1371 660 1499 727 crebras

151 756 330 820 svocalium
353 756 594 827 concursiones,
629 776 710 841 quae
732 764 851 820 vastam
873 765 966 843 atque
988 755 1127 821 hiantem
1151 759 1327 822 orationem
1348 760 1498 833 reddunt,

172 857 208 914 ut
230 848 290 914 hoc
313 859 381 915 est:
406 853 524 914 Baccae
547 871 665 915 aeneae
687 850 927 916 amoenissimae
949 849 1183 937 impendebant.
1229 854 1267 915 Et
1288 850 1315 914 si
1330 853 1499 916 vitabimus

174 945 314 1009 eiusdem
337 945 460 1009 litterae
482 946 610 1009 nimiam
633 946 864 1024 assiduitatem
889 946 939 1010 cui
962 943 1040 1009 vitio
1061 966 1171 1009 versus
1190 946 1242 1009 hic
1258 947 1317 1011 erit
1332 949 1497 1033 exemplo:

174 1035 256 1121 (nam
279 1041 331 1104 hic
352 1037 602 1124 nihilprohibet
622 1043 655 1105 in
677 1043 761 1105 vitiis
784 1041 894 1105 alienis
917 1041 1069 1126 exemplis
1092 1041 1137 1104 uti
1151 1039 1171 1124 ε)

261 1164 288 1228 0
311 1164 393 1237 Tite,
416 1172 496 1236 tute,
521 1166 611 1238 Tati,
632 1165 685 1228 tibi
706 1173 790 1228 tanta
810 1173 937 1248 tyranne
958 1165 1075 1239 tulisti,

135 1303 206 1363 root
227 1298 280 1361 hic
302 1296 444 1359 eiusdem
466 1304 595 1382 potitae:

260 1421 430 1502 Quidquam
450 1421 607 1502 quisquam
628 1421 767 1503 utiquam
788 1421 865 1503 quod
886 1421 1058 1491 conueniat,
1080 1429 1172 1502 neqet.

173 1545 229 1618 Et,
254 1544 280 1605 si
304 1541 444 1606 eiusdem
467 1543 556 1606 verbi
580 1543 792 1607 assiduitatem
815 1543 943 1606 nimiam
964 1541 1138 1625 fugiemus3
1169 1562 1205 1605 ea
1229 1549 1275 1606 θεῖ
1295 1543 1498 1606 huiusmodi:

173 1639 251 1700 Nam
284 1638 371 1701 cuius
407 1638 537 1701 rationis
571 1636 650 1701 ratio
682 1659 746 1700 nou
780 1646 897 1712 exstet,
933 1635 961 1700 ei
995 1635 1109 1701 rationi
1136 1636 1214 1700 ratio
1243 1655 1307 1700 nou
1336 1644 1384 1699 θεῖ
1404 1634 1502 1700 tidem

173 1733 300 1795 habere.
344 1735 401 1806 Et,
425 1733 451 1797 si
474 1751 537 1796 non
560 1741 685 1797 utemur
707 1734 904 1797 continenter
926 1732 1070 1796 similiter
1092 1733 1277 1795 cadentibus
1291 1731 1415 1802 verbis,
1438 1730 1502 1793 boc

136 1829 289 1900 esmodo:

153 1968 162 1984 ’
256 1952 390 2023 Flentes,
408 1951 583 2032 plorantes,
607 1951 818 2024 lacrimantes,
841 1951 1024 2013 obtestantes.

173 2083 223 2156 Et,
249 2084 275 2144 si
297 2083 467 2145 verborum
492 2083 743 2151 transiectiouem
766 2082 951 2155 vitabimus,
976 2081 1035 2145 nisi
1059 2100 1140 2165 quac
1164 2080 1224 2143 erit
1241 2081 1412 2155 concinna,
1438 2101 1502 2165 qua

174 2177 214 2238 de
236 2198 271 2239 re
293 2178 450 2261 posterius
472 2176 657 2259 loquemur3
693 2196 756 2260 quo
786 2176 819 2239 iu
848 2174 923 2239 vitio
947 2184 995 2239 est
1016 2173 1155 2238 Lucilius
1177 2174 1343 2249 assiduus,
1381 2181 1417 2236 ut
1438 2173 1502 2238 hoc

175 2278 224 2334 est
244 2271 277 2333 in
299 2271 405 2355 priore
427 2268 531 2335 libro:

137 2425 165 2466 20
258 2395 325 2456 Has
347 2413 394 2456 res
415 2394 454 2455 ad
476 2403 502 2456 te
524 2394 669 2475 scriptas,
693 2394 770 2456 Luci
782 2441 789 2465 ,
814 2393 964 2464 miumus,
988 2391 1065 2454 Aeli.

174 2517 253 2579 ltem
275 2516 385 2598 ingere
409 2523 534 2600 oportet
555 2517 680 2598 longam
702 2506 871 2578 verborum
895 2512 1181 2587 continuationem,
1206 2534 1286 2598 quae
1302 2522 1334 2577 et
1347 2517 1503 2581 auditoris

175 2631 268 2674 aures
302 2619 334 2673 et
366 2610 500 2673 oratoris
531 2611 672 2694 spiritum
705 2608 811 2673 laedit.
857 2608 914 2671 llis
947 2610 1030 2672 vitiis
1064 2610 1097 2671 in
1128 2610 1356 2693 compositione
1386 2613 1501 2684 vitatis,

175 2706 331 2790 reliquum
354 2706 460 2786 operis
484 2706 731 2768 consumendum
753 2702 853 2767 estin
878 2692 1048 2787 dignitate*

259 2811 346 2871 Xlll.
370 2810 512 2891 Dignitas
536 2816 599 2881 est,
625 2827 704 2892 quae
728 2809 830 2871 reddit
852 2816 993 2872 ornatam
1009 2807 1201 2883 orationem,
1226 2810 1376 2872 varietate
1392 2810 1503 2871 distin-

138 2923 285 2987 „guens
338 2904 424 2966 Haec
454 2905 486 2966 in
515 2905 684 2966 vorborum
714 2911 746 2966 et
774 2901 806 2965 in
829 2903 1052 2965 sententiarum
1075 2903 1310 2965 exornationem
1340 2901 1500 2966 dividitur.

178 2997 352 3065 l'erborum
375 2999 539 3061 exornatio
561 3004 624 3070 est,
660 3016 740 3079 quae
763 2995 861 3077 ipsius
883 2998 1037 3059 sermonis
1061 2996 1206 3079 insignita
1228 2998 1408 3061 continetur
1430 3008 1503 3083 pc'r-

175 3095 339 3175 politione.
386 3093 616 3154 Sententiarum
639 3091 804 3154 exornatio
827 3099 889 3163 est,
913 3109 993 3174 quae
1016 3110 1080 3153 nou
1102 3091 1135 3152 in
1157 3089 1281 3165 verbis,
1306 3094 1362 3155 sed
1377 3093 1411 3155 in
1425 3092 1503 3174 ipsis

176 3192 270 3252 rebus
292 3189 448 3273 quandam
471 3187 567 3247 habet
589 3185 783 3266 dignitatern.

262 3283 311 3343 19.
350 3278 507 3363 Repetitio
535 3287 597 3351 est,
631 3299 700 3340 cum
725 3279 921 3342 continenter
942 3282 981 3343 ab
1003 3300 1068 3345 uno
1089 3291 1184 3365 atque
1207 3283 1320 3345 eodem
1343 3277 1441 3344 verbo
1472 3281 1503 3344 in

139 3378 272 3449 ,erebus
295 3373 448 3436 similibus
472 3381 503 3436 et
525 3372 657 3436 diversis
678 3374 831 3457 principia
855 3381 1038 3448 sumuntur,
1063 3372 1122 3438 hoc
1146 3373 1260 3439 modo:
1298 3376 1397 3438 Vobis
1420 3373 1504 3438 istud

176 3471 409 3532 attribuendum
433 3475 499 3540 est,
529 3467 621 3531 vobis
643 3469 742 3549 gratia
765 3477 812 3530 est
834 3469 997 3542 habenda,
1029 3464 1120 3534 vobis
1141 3473 1201 3534 ista
1223 3493 1273 3535 res
1296 3471 1357 3534 erit
1378 3472 1504 3535 honori.

176 3565 274 3627 item:
312 3564 416 3644 Scipio
440 3562 637 3627 Numantiam
660 3563 802 3636 sustulit,
840 3564 944 3648 Scipio
968 3565 1192 3648 Karthaginem
1223 3563 1357 3639 delevit,
1395 3565 1503 3646 Scipio

174 3678 286 3744 pacem
308 3659 450 3742 peperit,
483 3659 588 3739 Scipio
610 3658 767 3720 civitatem
790 3659 938 3720 servavit.
984 3660 1079 3723 Item:
1111 3662 1158 3723 Tu
1180 3661 1213 3722 in
1235 3661 1340 3724 iorum
1363 3661 1503 3740 prodire,

175 3761 210 3816 tu
232 3753 334 3815 lucem
358 3753 564 3836 conspicere,
600 3760 633 3813 tu
655 3752 687 3813 in
709 3752 821 3814 horum
855 3761 1058 3837 conspectum
1087 3754 1195 3817 venire
1218 3753 1365 3817 conaris‘l
1398 3754 1505 3817 Audes

139 3844 307 3918 esverbum
332 3845 456 3909 iaceret
493 3849 588 3908 audes
612 3847 780 3930 quidquam
803 3843 842 3908 ab
864 3847 931 3909 istis
953 3853 1083 3933 peteret
1118 3851 1216 3912 audes
1238 3846 1427 3933 supplicium
1451 3851 1506 3912 de-

176 3941 322 4024 precari‘l
361 3937 442 4016 Quid
473 3948 537 4013 θεῖ,
574 3937 658 4023 quod
688 3940 790 4023 possis
823 3941 1015 4004 defenderet
1060 3940 1136 4027 quid
1164 3952 1231 4017 θεῖ,
1271 3944 1357 4027 quod
1388 3940 1504 4006 audeas

176 4034 360 4122 postularet
383 4034 550 4118 quidest,
574 4036 659 4119 quod
682 4033 738 4097 tibi
762 4035 892 4097 concedi
915 4045 1005 4116 putes
1029 4041 1202 4121 oporteret
1236 4035 1377 4100 Nonius
1399 4037 1505 4100 iuran-

176 4127 250 4194 dum
274 4123 452 4212 reliquisti?
490 4148 552 4191 uon
582 4130 700 4192 amicos
730 4126 922 4211 prodidisti?
955 4151 1019 4193 non
1048 4132 1169 4213 parenti
1205 4150 1314 4194 manus
1347 4128 1504 4194 inentistir

176 4243 241 4288 uon
263 4225 398 4308 denique
422 4223 453 4286 iu
476 4223 561 4286 omni
585 4220 740 4286 dedecore
763 4224 920 4304 volutatus
942 4228 1001 4285 est
1035 4225 1121 4288 Haec
1144 4226 1308 4289 exornatio
1331 4246 1401 4288 curn
1424 4226 1506 4287 mul-

247 4387 272 4435 3.
293 4386 452 4437 constructio
471 4385 646 4444 aequabiliter
663 4381 819 4451 (aequaliter
837 4384 868 4443 Τ)
884 4384 1018 4446 perpolita
1037 4385 1078 4433 FT
1099 4393 1124 4435 ct
1142 4398 1181 4446 pr.
1197 4388 1234 4443 Α,
1266 4389 1329 4436 item
1349 4385 1419 4435 Cret.
1441 4387 1502 4437 Scir.

178 4458 230 4508 ΑΙΙΙ
249 4459 341 4511 aliter:
372 4464 400 4506 ut
418 4469 482 4514 noe,
507 4458 575 4505 inter
595 4460 696 4503 nostros
716 4467 785 4503 unus
805 4456 843 4510 tt.
870 4459 919 4504 nist
941 4456 1012 4515 quod
1032 4455 1110 4504 babet
1126 4458 1273 4518 perpolitus
1292 4457 1450 4519 aequutner.
1480 4483 1504 4494 -

177 4527 204 4577 a.
224 4542 317 4578 aucae
336 4527 390 4581 PF,
429 4538 505 4574 ereas
523 4525 554 4574 Α.
592 4527 643 4585 (An
673 4538 768 4574 aeneae
794 4525 906 4573 bedenac
925 4528 1127 4575 amoenissime?
1147 4525 1211 4590 On.)
1230 4550 1265 4562 -
1294 4528 1338 4576 25.
1360 4530 1430 4576 etin
1449 4541 1505 4576 een·

177 4601 322 4648 tenttarum
339 4597 442 4646 rura:
464 4597 653 4645 sententiarum
674 4594 738 4656 (orn.
753 4594 792 4655 in)
811 4595 889 4644 atti.
911 4621 941 4631 -
960 4596 1002 4645 28.
1026 4597 1189 4661 diqnitatem.
1227 4595 1265 4645 Μ.
1284 4597 1354 4646 Yulli
1372 4598 1505 4647 Ciceronis

179 4669 214 4717 ad
231 4669 382 4718 herennium
401 4668 446 4718 lib.
465 4667 530 4716 llll.
550 4666 666 4729 explicit.
698 4665 793 4727 incipit
816 4666 880 4715 liber
902 4666 929 4714 l'.
949 4668 1068 4730 feliciter.
1107 4669 1145 4717 lle
1162 4666 1300 4716 cuborum
1317 4670 1503 4717 exornatione.

178 4740 305 4800 Repetitio
324 4748 360 4787 est
380 4739 399 4787 P
418 4750 449 4788 sc
470 4738 588 4787 stmtttter
607 4737 634 4786 li.
656 4760 687 4770 -
707 4737 750 4785 ill.
770 4738 860 4799 pratia
883 4745 918 4784 esi
932 4737 1081 4786 deFllT:
1101 4740 1192 4801 pratia
1209 4740 1272 4796 (orn.
1286 4737 1332 4799 est)
1351 4738 1380 4788 u.
1403 4765 1430 4775 -
1453 4742 1505 4787 ista

178 4822 221 4858 res
232 4809 382 4858 PABFRT:
403 4822 445 4857 res
463 4812 515 4855 ista
535 4808 566 4856 ll.
581 4832 612 4842 -
632 4805 675 4856 3¹1.
695 4807 798 4855 concedi
813 4808 1054 4867 praecisurus:
1072 4815 1149 4872 putes
1168 4807 1275 4857 concedi
1287 4808 1319 4857 li.
1335 4833 1367 4844 -
1387 4807 1432 4861 38.
1446 4810 1505 4860 reli·

179 4876 271 4944 quisti]
292 4880 467 4942 contempsisti
486 4878 507 4928 B
527 4887 552 4930 et
571 4892 637 4930 corr.
657 4879 680 4927 Α
699 4892 729 4928 er
748 4879 826 4946 gloss.
