3232 5392
601 217 676 284 LIB.
699 215 754 281 ΙΙΙ.
797 216 830 282 C.
853 215 904 279 60.
927 215 980 279 01.
1389 215 1451 280 330

127 377 177 443 chi
204 374 337 442 fistulam
364 373 466 454 reler;
502 374 590 441 cuius
622 394 680 461 ego
710 373 851 440 nondum
877 374 970 458 plane
992 375 1147 440 rationem
1169 370 1321 459 intelligo.
1366 375 1449 439 LXI.

126 476 200 537 22⁷.
235 473 271 536 Iu
298 469 384 535 omni
411 490 505 545 voce,
542 469 642 557 iuquit
668 472 812 546 Crassus,
851 477 899 534 est
920 467 1071 553 quiddam
1092 469 1247 544 medium,
1281 471 1337 534 sed
1359 488 1452 533 suum

126 571 239 655 cuique
260 568 342 632 voci.
384 567 465 630 Hinc
487 567 637 649 gradatim
657 566 828 629 ascendere
849 583 960 629 vocem
976 563 1053 629 utile
1070 570 1102 628 et
1116 584 1211 629 suave
1234 569 1290 628 est.
1334 564 1411 625 Nam
1434 581 1454 625 a

127 660 280 747 principio
309 662 443 725 clamare
470 669 591 743 agreste
620 661 768 745 quiddam
796 665 843 723 est
870 667 902 722 et
928 657 1013 723 idem
1035 657 1113 723 illud
1136 660 1175 723 ad
1197 655 1382 723 firmandam
1405 663 1453 721 est

127 776 238 820 vocem
252 755 400 819 salutare.
444 752 564 818 Deinde
579 761 626 818 est
642 755 791 838 quiddam
805 752 1014 817 contentionis
1030 759 1224 829 extremum,
1248 754 1333 837 quod
1348 760 1476 817 umens

127 847 258 913 interius
280 855 327 912 est
349 869 443 933 quam
465 849 662 912 acutissimus
684 846 817 922 clamor,
853 869 916 934 quo
941 857 972 911 te
994 845 1096 912 fistula
1117 847 1267 934 progredi
1288 868 1351 913 non
1373 846 1454 912 sinet

129 952 160 1006 ct
180 943 202 1022 †
225 949 328 1006 tamen
350 939 390 1005 ab
412 944 479 1027 ipsa
501 941 701 1007 contentione
723 940 895 1007 revocabit.
939 944 996 1006 Est
1016 941 1091 1006 item
1114 951 1223 1007 contra
1250 941 1397 1026 quiddam
1419 942 1453 1005 in

128 1035 314 1116 remissione
336 1036 555 1119 gravissimum
577 1057 704 1120 quoque
727 1046 887 1122 tamquam
908 1055 1058 1101 sonorum
1080 1034 1228 1119 gradibus
1243 1034 1452 1101 descenditur.

129 1133 215 1195 ilaec
246 1130 379 1194 varietas
408 1139 439 1194 et
466 1128 516 1194 hic
545 1149 601 1216 per
628 1150 738 1196 omnes
767 1151 863 1196 sonos
891 1129 981 1195 vocis
1009 1150 1117 1195 cursus
1146 1139 1177 1194 et
1204 1151 1238 1196 se
1261 1132 1401 1196 tuebitur
1422 1136 1456 1192 et

129 1225 242 1290 actioni
271 1224 381 1290 alteret
409 1227 602 1289 suavitatem.
650 1227 712 1288 Sed
741 1222 944 1289 fistulatorem
973 1222 1059 1289 domi
1092 1224 1292 1312 relinquetis,
1328 1243 1454 1290 sensum
1464 1240 1492 1281 1⁰

130 1318 221 1386 buius
242 1318 475 1385 consuetudinis
496 1322 659 1385 vobiscum
681 1317 720 1383 ad
740 1316 848 1384 lorum
871 1317 1033 1383 deferetis.

213 1416 286 1478 228.
321 1413 432 1491 Edidi,
461 1434 540 1499 quae
562 1414 669 1499 potui,
700 1433 763 1477 uon
786 1421 820 1477 ut
840 1411 944 1488 volui,
975 1411 1031 1478 sed
1053 1419 1089 1477 ut
1109 1432 1160 1478 me
1181 1412 1336 1497 temporis
1358 1433 1455 1499 augu-

131 1507 208 1572 stiae
238 1513 421 1592 coegerunt.
467 1508 585 1572 Scitum
613 1515 661 1572 est
689 1506 773 1572 euim
810 1527 935 1572 caumm
963 1505 1108 1573 conferre
1140 1505 1173 1573 in
1206 1514 1346 1595 tempus,
1383 1530 1456 1574 cum

131 1603 244 1667 atlerre
267 1602 372 1689 plura,
397 1605 423 1666 si
447 1604 574 1685 cupias,
599 1623 663 1666 nou
685 1622 793 1688 queas.
839 1604 887 1665 Tu
909 1620 1001 1674 vero,
1025 1600 1125 1688 inquit
1139 1602 1281 1679 Catulus,
1305 1601 1457 1686 collegisti

132 1695 253 1772 omnia,
289 1706 437 1782 quantum
459 1717 517 1780 ego
541 1716 669 1782 possum
690 1696 848 1772 iudicare,
882 1698 926 1760 ita
949 1693 1113 1769 divinitus,
1146 1703 1180 1761 ut
1203 1717 1266 1760 non
1289 1717 1306 1760 a
1330 1699 1494 1762 Graeciam

131 1791 301 1874 sumpsisse
331 1792 387 1855 sed
416 1810 471 1854 eos
499 1794 584 1875 ipsos
613 1793 689 1854 haec
712 1792 828 1854 docere
851 1810 945 1874 posse
968 1789 1106 1855 videare.
1147 1792 1198 1854 Me
1220 1788 1347 1873 quidem
1369 1789 1458 1856 istius

131 1887 287 1952 sermonis
308 1883 494 1970 participem
516 1885 630 1949 factum
653 1904 722 1950 esse
745 1887 887 1969 gaudeo;
925 1904 961 1949 ac
981 1884 1111 1958 vellem,
1149 1880 1205 1968 [ut]
1230 1904 1320 1950 meus
1343 1906 1457 1969 gener,

132 1978 247 2045 sodalis
268 1989 354 2054 tuus,
377 1980 583 2056 Hortensius,
616 1978 772 2058 affuissem
811 2000 907 2067 quern
929 1979 1058 2063 quidem
1082 1998 1143 2062 ego
1166 1977 1290 2045 conlido
1313 1979 1458 2046 omnibus

132 2076 199 2139 istis
222 2072 383 2150 laudibus,
419 2096 497 2160 quas
518 2082 552 2137 tu
574 2074 719 2140 oratione
743 2073 927 2160 complexus
949 2095 995 2145 es,
1031 2073 1240 2139 excellentem
1261 2075 1344 2140 fore.
1387 2078 1460 2140 229.

130 2173 171 2234 Et
193 2169 336 2243 Crassus,
356 2172 437 2235 Fore
459 2169 558 2234 dicis?
595 2169 710 2254 iuquit:
749 2190 809 2251 ego
831 2187 910 2232 vero
933 2187 1002 2232 esse
1024 2167 1086 2232 iam
1109 2166 1214 2233 iudico
1237 2177 1268 2234 et
1290 2177 1356 2235 tum
1378 2168 1498 2250 iudi-ao

132 2266 217 2339 cavi,
241 2284 312 2328 cum
334 2283 384 2328 me
406 2265 588 2328 consulein
610 2271 719 2328 senatu
741 2283 867 2329 causam
887 2261 1027 2326 delendit
1040 2259 1165 2327 Africae
1180 2283 1344 2348 nuperque
1361 2265 1455 2328 etiam

132 2356 246 2442 magis,
271 2378 340 2421 cum
363 2378 422 2444 pro
444 2357 606 2442 Bithyniae
627 2377 704 2440 regc
726 2356 815 2421 dixit.
861 2354 1077 2434 Quamobrem
1099 2366 1183 2422 recte
1206 2356 1313 2433 vides,
1339 2356 1457 2422 Catule.

131 2453 216 2515 Nihil
238 2453 321 2515 enim
342 2454 393 2516 isti
415 2450 605 2517 adolescenti
627 2471 728 2535 neque
751 2473 770 2514 a
791 2458 902 2515 natura
923 2470 1026 2534 neque
1048 2473 1067 2514 a
1088 2449 1230 2516 doctrina
1254 2455 1367 2516 deesse
1389 2471 1460 2515 sen-

132 2544 188 2610 tio.
233 2548 306 2608 23⁰.
335 2547 406 2622 Quo
430 2545 528 2628 magis
551 2555 597 2608 est
620 2543 693 2619 tibi,
729 2544 834 2617 Cotta,
870 2552 902 2609 et
922 2545 998 2619 tibi,
1033 2543 1172 2627 Sulpici,
1207 2544 1400 2629 vigilandum
1422 2565 1459 2608 aa

131 2636 348 2705 laborandum.
393 2644 461 2704 Non
490 2638 573 2704 enim
603 2639 656 2703 ille
686 2637 854 2704 mediocris
884 2647 992 2703 orator
1020 2647 1142 2704 vestrae
1171 2642 1260 2726 quasi
1290 2638 1460 2705 succrescit
1469 2655 1497 2696 as

132 2736 239 2811 aetati;
276 2733 332 2800 sed
360 2743 392 2799 et
418 2733 544 2818 ingenio
573 2732 696 2818 peracri
726 2741 757 2798 et
779 2731 884 2798 studio
905 2730 1049 2814 flagranti
1070 2742 1101 2798 et
1124 2735 1266 2799 doctrina
1288 2733 1406 2799 eximia
1428 2742 1461 2798 et

133 2826 285 2893 memoria
307 2827 466 2913 singulari.
510 2826 566 2892 Cui
588 2848 778 2914 quamquam
798 2824 910 2903 faveo,
935 2834 1041 2892 tamen
1062 2826 1151 2892 illum
1170 2829 1264 2893 aetati
1279 2849 1353 2893 suae
1368 2847 1460 2914 prae-

132 2931 216 2988 stare
237 2924 350 3006 cupio;
381 2921 471 2988 vobis
493 2942 570 2986 vero
592 2920 679 2988 illum
701 2931 788 2987 tanto
810 2919 965 2986 minorem
988 2939 1193 3006 praecurrere
1214 2921 1269 2988 vix
1290 2925 1460 2988 honestum

134 3025 190 3082 est
235 3019 297 3083 Sed
326 3016 389 3082 iam
416 3037 599 3101 surgamus,
633 3015 750 3100 inquit,
783 3035 904 3102 nosque
929 3036 1075 3081 curemus
1097 3024 1129 3079 et
1150 3014 1318 3104 aliquando
1340 3019 1379 3082 ab
1402 3015 1461 3083 hac

134 3111 333 3177 contentione
356 3110 572 3198 disputationis
594 3110 715 3177 animos
736 3118 861 3176 nostros
883 3128 1022 3194 curaque
1043 3107 1196 3177 laxemus.
1469 3128 1497 3170 m

204 3341 231 3392 1.
250 3340 377 3407 quiddam
394 3340 498 3399 urna:
518 3339 652 3406 quoddam
671 3341 702 3396 s.
726 3365 753 3376 —
775 3338 801 3390 3.
820 3352 923 3406 quaque
940 3336 980 3401 (td
999 3345 1058 3399 est,
1077 3337 1202 3404 quotque)
1220 3340 1252 3392 B.
1274 3366 1302 3380 -
1322 3342 1386 3392 uttta
1404 3355 1457 3393 am.

134 3411 166 3463 B.
187 3437 218 3449 -
237 3414 263 3464 4.
283 3412 410 3476 quiddam
427 3413 451 3461 m·
470 3410 508 3477 (td
528 3418 584 3471 est,
604 3408 765 3476 quiddamst)
782 3410 813 3460 Β.
835 3436 863 3450 -
884 3410 950 3461 illud
968 3408 1158 3476 affirmandum
1175 3412 1209 3462 a.
1227 3437 1262 3447 -
1286 3412 1312 3462 ὅ.
1332 3413 1460 3476 quiddam

133 3482 199 3533 AB:
227 3482 359 3550 quoddam
383 3482 437 3533 1111.
468 3507 498 3520 -
529 3482 556 3532 7.
575 3488 600 3533 et
618 3479 716 3545 samm]
736 3488 761 3532 et
778 3482 834 3531 tam
854 3480 1047 3534 Hennabsento
1066 3489 1175 3535 auctare
1194 3481 1226 3532 Τ.
1264 3483 1404 3536 Formosa:
1434 3491 1459 3535 at

133 3552 249 3606 tandm.
270 3553 321 3604 01.
350 3550 386 3616 (st
404 3558 465 3604 ante
484 3560 574 3603 tamen
591 3566 644 3602 om.
664 3551 708 3609 B.)
735 3575 767 3586 -
797 3551 928 3616 qutddam
945 3551 990 3602 AB
1009 3553 1125 3616 alttque:
1149 3552 1283 3618 quoddam
1302 3553 1358 3605 ns.
1379 3577 1411 3590 -
1429 3553 1456 3604 8.

133 3624 248 3690 quoque]
266 3626 338 3688 quod
355 3624 416 3685 ΑΒ,
436 3623 463 3672 m
481 3631 537 3684 ert,
555 3636 625 3688 quo,
644 3629 675 3672 at
693 3621 791 3673 babent
807 3621 871 3686 Lag.
892 3621 936 3671 17.
955 3622 1000 3673 ³5.
1028 3645 1063 3659 -
1089 3621 1116 3672 0.
1143 3623 1186 3674 tte
1203 3636 1256 3674 om.
1276 3623 1331 3674 ΑΒ.
1353 3648 1384 3660 -
1412 3627 1457 3675 10.

134 3692 245 3759 aettont]
265 3697 334 3745 aetla
350 3694 413 3754 Aa,
433 3695 551 3745 orationi
568 3694 601 3744 a.
621 3719 654 3730 -
671 3692 768 3757 deferet
785 3693 818 3744 u.
838 3715 872 3731 -
889 3688 951 3756 Sed]
970 3691 1005 3742 m
1023 3692 1078 3746 ΑΒ.
1097 3717 1129 3729 -
1147 3706 1237 3744 sensus
1254 3688 1316 3758 (stc)
1333 3695 1406 3745 ttttus
1424 3697 1457 3748 u.

134 3789 168 3803 -
187 3765 231 3816 10.
249 3765 389 3828 sumpsisse
407 3763 467 3815 Vet.
488 3764 580 3826 steph.
601 3763 654 3814 Gn.
673 3763 700 3813 0.
720 3762 783 3815 AB:
810 3763 931 3813 dtdtetsm
949 3762 1004 3814 RE.
1032 3788 1062 3800 -
1088 3775 1164 3827 posse
1180 3765 1274 3815 docere
1290 3767 1354 3816 laea
1372 3765 1403 3816 u.
1425 3793 1455 3805 -

134 3835 178 3888 1¹1.
196 3839 228 3886 ut
245 3835 375 3900 111111.
394 3833 438 3884 1³.
453 3833 496 3887 30.
516 3835 619 3887 11111111
636 3833 785 3887 sabaudus.
815 3833 870 3885 Nos
886 3833 1050 3885 recturtmus.
1066 3858 1096 3871 -
1116 3833 1161 3885 st.
1181 3832 1248 3899 Quo]
1267 3835 1357 3901 quue
1369 3835 1403 3886 u.
1423 3860 1455 3873 -

133 3907 311 4043 ”quomrum
327 3931 339 3945 ·
356 3931 368 3946 -
385 3912 498 3959 aetatem
515 3905 572 3958 ΑΒ.
592 3930 622 3945 ·-
654 3903 699 3956 ³0.
719 3917 834 3971 curaque
850 3902 1016 3958 Lambtnusa
1035 3917 1176 3972 aurumque
1194 3919 1255 3959 cum
1272 3905 1347 3958 ttbrls
1365 3907 1456 3968 (ettam
