<?xml version="1.0" encoding="UTF-8"?>
<!DOCTYPE html PUBLIC "-//W3C//DTD XHTML 1.0 Transitional//EN"
    "http://www.w3.org/TR/xhtml1/DTD/xhtml1-transitional.dtd">
<html xmlns="http://www.w3.org/1999/xhtml" xml:lang="en" lang="en">
 <head>
  <title>
</title>
<meta http-equiv="Content-Type" content="text/html;charset=utf-8" />
  <meta name='ocr-system' content='tesseract 3.04.00' />
  <meta name='ocr-capabilities' content='ocr_page ocr_carea ocr_par ocr_line ocrx_word'/>
</head>
<body>
  <div class='ocr_page' id='page_1' title='image "./operaquaesupers04halmgoog/operaquaesupers04halmgoog_0042.png"; bbox 0 0 3232 5392; ppageno 0'>
   <div class='ocr_carea' id='block_1_1' title="bbox 570 274 1009 345">
    <p class='ocr_par' dir='ltr' id='par_1_1' title="bbox 570 274 1009 345">
     <span class='ocr_line' id='line_1_1' title="bbox 570 274 1009 345; baseline -0.002 -3"><span class='ocrx_word' id='word_1_1' title='bbox 570 277 647 343; x_wconf 88' lang='lat' dir='ltr'><strong>LIB.</strong></span> <span class='ocrx_word' id='word_1_2' title='bbox 671 277 710 340; x_wconf 90' lang='lat'><strong>11.</strong></span> <span class='ocrx_word' id='word_1_3' title='bbox 755 275 789 343; x_wconf 86' lang='lat' dir='ltr'><strong>C.</strong></span> <span class='ocrx_word' id='word_1_4' title='bbox 811 278 862 342; x_wconf 66' lang='grc' dir='ltr'><strong>Ὦ.</strong></span> <span class='ocrx_word' id='word_1_5' title='bbox 884 278 936 342; x_wconf 68' lang='lat' dir='ltr'><strong>ib.</strong></span> <span class='ocrx_word' id='word_1_6' title='bbox 958 274 1009 345; x_wconf 76' lang='grc'><strong>24.</strong></span> 
     </span>
    </p>
   </div>
   <div class='ocr_carea' id='block_1_2' title="bbox 296 436 1053 616">
    <p class='ocr_par' dir='ltr' id='par_1_2' title="bbox 296 436 1053 616">
     <span class='ocr_line' id='line_1_2' title="bbox 296 436 1053 521; baseline -0.003 -18"><span class='ocrx_word' id='word_1_7' title='bbox 296 436 436 504; x_wconf 79' lang='lat' dir='ltr'><strong>Amicum</strong></span> <span class='ocrx_word' id='word_1_8' title='bbox 456 439 606 521; x_wconf 85' lang='lat' dir='ltr'><strong>castiqare</strong></span> <span class='ocrx_word' id='word_1_9' title='bbox 626 437 661 500; x_wconf 90' lang='lat' dir='ltr'><strong>ab</strong></span> <span class='ocrx_word' id='word_1_10' title='bbox 681 438 820 501; x_wconf 88' lang='lat' dir='ltr'><strong>meritum</strong></span> <span class='ocrx_word' id='word_1_11' title='bbox 840 438 967 502; x_wconf 67' lang='lat' dir='ltr'><strong>numum</strong></span> <span class='ocrx_word' id='word_1_12' title='bbox 1048 503 1053 514; x_wconf 70' lang='grc'><strong>,</strong></span> 
     </span>
     <span class='ocr_line' id='line_1_3' title="bbox 297 533 1035 616; baseline 0 -19"><span class='ocrx_word' id='word_1_13' title='bbox 297 536 430 597; x_wconf 80' lang='lat' dir='ltr'><strong>immam</strong></span> <span class='ocrx_word' id='word_1_14' title='bbox 451 540 494 595; x_wconf 90' lang='lat' dir='ltr'><strong>est</strong></span> <span class='ocrx_word' id='word_1_15' title='bbox 511 534 648 616; x_wconf 68' lang='lat' dir='ltr'><strong>lucinum·</strong></span> <span class='ocrx_word' id='word_1_16' title='bbox 668 551 772 597; x_wconf 78' lang='lat' dir='ltr'><strong>uenam</strong></span> <span class='ocrx_word' id='word_1_17' title='bbox 793 533 827 596; x_wconf 87' lang='lat' dir='ltr'><strong>in</strong></span> <span class='ocrx_word' id='word_1_18' title='bbox 847 541 942 597; x_wconf 91' lang='lat' dir='ltr'><strong>aetate</strong></span> <span class='ocrx_word' id='word_1_19' title='bbox 962 534 1035 598; x_wconf 86' lang='lat' dir='ltr'><strong>utils</strong></span> 
     </span>
    </p>
   </div>
   <div class='ocr_carea' id='block_1_3' title="bbox 295 628 551 693">
    <p class='ocr_par' dir='ltr' id='par_1_3' title="bbox 295 628 551 693">
     <span class='ocr_line' id='line_1_4' title="bbox 295 628 551 693; baseline 0 -1"><span class='ocrx_word' id='word_1_20' title='bbox 295 629 340 693; x_wconf 82' lang='lat' dir='ltr'><strong>Et</strong></span> <span class='ocrx_word' id='word_1_21' title='bbox 360 628 551 692; x_wconf 71' lang='lat' dir='ltr'><strong>conducibile.</strong></span> 
     </span>
    </p>
   </div>
   <div class='ocr_carea' id='block_1_4' title="bbox 127 767 1100 858">
    <p class='ocr_par' dir='ltr' id='par_1_4' title="bbox 127 767 1100 858">
     <span class='ocr_line' id='line_1_5' title="bbox 127 767 1100 858; baseline -0.005 -19"><span class='ocrx_word' id='word_1_22' title='bbox 127 773 214 839; x_wconf 83' lang='lat' dir='ltr'><strong>Haec</strong></span> <span class='ocrx_word' id='word_1_23' title='bbox 237 772 392 858; x_wconf 77' lang='lat' dir='ltr'>expositio</span> <span class='ocrx_word' id='word_1_24' title='bbox 415 779 475 836; x_wconf 92' lang='lat' dir='ltr'><strong>est.</strong></span> <span class='ocrx_word' id='word_1_25' title='bbox 519 770 706 847; x_wconf 76' lang='lat' dir='ltr'>Videamus,</span> <span class='ocrx_word' id='word_1_26' title='bbox 729 789 810 858; x_wconf 87' lang='lat' dir='ltr'><strong>quae</strong></span> <span class='ocrx_word' id='word_1_27' title='bbox 832 770 912 836; x_wconf 91' lang='lat' dir='ltr'><strong>ratio</strong></span> <span class='ocrx_word' id='word_1_28' title='bbox 934 767 1100 837; x_wconf 80' lang='lat' dir='ltr'><strong>afferatur:</strong></span> 
     </span>
    </p>
   </div>
   <div class='ocr_carea' id='block_1_5' title="bbox 296 902 1478 1080">
    <p class='ocr_par' dir='ltr' id='par_1_5' title="bbox 296 902 1478 1080">
     <span class='ocr_line' id='line_1_6' title="bbox 296 902 1478 984; baseline 0.002 -19"><span class='ocrx_word' id='word_1_29' title='bbox 296 938 338 951; x_wconf 89' lang='lat'>—</span> <span class='ocrx_word' id='word_1_30' title='bbox 358 922 431 965; x_wconf 90' lang='lat' dir='ltr'><strong>nam</strong></span> <span class='ocrx_word' id='word_1_31' title='bbox 451 923 504 984; x_wconf 89' lang='lat' dir='ltr'><strong>eqo</strong></span> <span class='ocrx_word' id='word_1_32' title='bbox 525 904 656 967; x_wconf 88' lang='lat' dir='ltr'><strong>amicum</strong></span> <span class='ocrx_word' id='word_1_33' title='bbox 675 902 761 966; x_wconf 84' lang='lat' dir='ltr'><strong>hodie</strong></span> <span class='ocrx_word' id='word_1_34' title='bbox 781 921 879 966; x_wconf 86' lang='lat' dir='ltr'><strong>meum</strong></span> <span class='ocrx_word' id='word_1_35' title='bbox 1464 905 1478 951; x_wconf 80' lang='lat'>⁵</span> 
     </span>
     <span class='ocr_line' id='line_1_7' title="bbox 297 997 908 1080; baseline -0.008 -18"><span class='ocrx_word' id='word_1_36' title='bbox 297 997 509 1080; x_wconf 85' lang='lat' dir='ltr'><strong>Concastiqabu</strong></span> <span class='ocrx_word' id='word_1_37' title='bbox 525 1017 586 1079; x_wconf 84' lang='lat' dir='ltr'><strong>pru</strong></span> <span class='ocrx_word' id='word_1_38' title='bbox 607 999 781 1061; x_wconf 83' lang='lat' dir='ltr'><strong>commerita</strong></span> <span class='ocrx_word' id='word_1_39' title='bbox 801 998 908 1061; x_wconf 82' lang='lat' dir='ltr'><strong>noaia.</strong></span> 
     </span>
    </p>
   </div>
   <div class='ocr_carea' id='block_1_6' title="bbox 125 1133 1491 1792">
    <p class='ocr_par' dir='ltr' id='par_1_6' title="bbox 125 1133 1491 1792">
     <span class='ocr_line' id='line_1_8' title="bbox 126 1133 1453 1223; baseline -0.003 -17"><span class='ocrx_word' id='word_1_40' title='bbox 126 1144 174 1206; x_wconf 81' lang='lat' dir='ltr'><strong>Ex</strong></span> <span class='ocrx_word' id='word_1_41' title='bbox 197 1162 256 1214; x_wconf 91' lang='lat' dir='ltr'><strong>ea,</strong></span> <span class='ocrx_word' id='word_1_42' title='bbox 286 1140 372 1223; x_wconf 86' lang='lat' dir='ltr'><strong>quod</strong></span> <span class='ocrx_word' id='word_1_43' title='bbox 394 1138 461 1223; x_wconf 91' lang='lat' dir='ltr'><strong>ipse</strong></span> <span class='ocrx_word' id='word_1_44' title='bbox 483 1138 622 1202; x_wconf 86' lang='lat' dir='ltr'><strong>iactums</strong></span> <span class='ocrx_word' id='word_1_45' title='bbox 645 1144 710 1214; x_wconf 89' lang='lat' dir='ltr'><strong>est,</strong></span> <span class='ocrx_word' id='word_1_46' title='bbox 742 1159 807 1202; x_wconf 93' lang='lat' dir='ltr'><strong>non</strong></span> <span class='ocrx_word' id='word_1_47' title='bbox 829 1161 870 1203; x_wconf 84' lang='lat' dir='ltr'><strong>ex</strong></span> <span class='ocrx_word' id='word_1_48' title='bbox 891 1158 947 1214; x_wconf 89' lang='lat' dir='ltr'><strong>eo,</strong></span> <span class='ocrx_word' id='word_1_49' title='bbox 980 1139 1064 1222; x_wconf 93' lang='lat' dir='ltr'><strong>quod</strong></span> <span class='ocrx_word' id='word_1_50' title='bbox 1086 1133 1155 1202; x_wconf 88' lang='lat' dir='ltr'><strong>fieri</strong></span> <span class='ocrx_word' id='word_1_51' title='bbox 1177 1138 1342 1213; x_wconf 85' lang='lat' dir='ltr'><strong>convenit,</strong></span> <span class='ocrx_word' id='word_1_52' title='bbox 1376 1137 1453 1202; x_wconf 90' lang='lat' dir='ltr'><strong>utile</strong></span> 
     </span>
     <span class='ocr_line' id='line_1_9' title="bbox 127 1232 1454 1320; baseline -0.001 -23"><span class='ocrx_word' id='word_1_53' title='bbox 127 1236 202 1320; x_wconf 88' lang='lat' dir='ltr'><strong>quid</strong></span> <span class='ocrx_word' id='word_1_54' title='bbox 224 1235 282 1308; x_wconf 91' lang='lat' dir='ltr'><strong>sit,</strong></span> <span class='ocrx_word' id='word_1_55' title='bbox 308 1234 520 1296; x_wconf 75' lang='lat' dir='ltr'><strong>ratiocinatur.</strong></span> <span class='ocrx_word' id='word_1_56' title='bbox 564 1235 652 1297; x_wconf 87' lang='lat' dir='ltr'><strong>Vana</strong></span> <span class='ocrx_word' id='word_1_57' title='bbox 674 1234 753 1297; x_wconf 91' lang='lat' dir='ltr'><strong>ratio</strong></span> <span class='ocrx_word' id='word_1_58' title='bbox 776 1239 837 1306; x_wconf 91' lang='lat' dir='ltr'><strong>est,</strong></span> <span class='ocrx_word' id='word_1_59' title='bbox 861 1252 941 1318; x_wconf 88' lang='lat' dir='ltr'><strong>quae</strong></span> <span class='ocrx_word' id='word_1_60' title='bbox 964 1254 1003 1296; x_wconf 84' lang='lat' dir='ltr'><strong>ex</strong></span> <span class='ocrx_word' id='word_1_61' title='bbox 1025 1232 1103 1295; x_wconf 84' lang='lat' dir='ltr'><strong>salsa</strong></span> <span class='ocrx_word' id='word_1_62' title='bbox 1118 1251 1210 1295; x_wconf 89' lang='lat' dir='ltr'><strong>eausa</strong></span> <span class='ocrx_word' id='word_1_63' title='bbox 1225 1239 1366 1306; x_wconf 86' lang='lat' dir='ltr'><strong>constat,</strong></span> <span class='ocrx_word' id='word_1_64' title='bbox 1390 1233 1454 1296; x_wconf 91' lang='lat' dir='ltr'><strong>hoo</strong></span> 
     </span>
     <span class='ocr_line' id='line_1_10' title="bbox 127 1326 1450 1411; baseline -0.003 -18"><span class='ocrx_word' id='word_1_65' title='bbox 127 1332 240 1393; x_wconf 93' lang='lat' dir='ltr'><strong>modo:</strong></span> <span class='ocrx_word' id='word_1_66' title='bbox 265 1331 363 1392; x_wconf 81' lang='lat' dir='ltr'><strong>Amor</strong></span> <span class='ocrx_word' id='word_1_67' title='bbox 383 1329 551 1411; x_wconf 77' lang='lat' dir='ltr'><strong>fugiendus</strong></span> <span class='ocrx_word' id='word_1_68' title='bbox 573 1349 637 1391; x_wconf 93' lang='lat' dir='ltr'><strong>non</strong></span> <span class='ocrx_word' id='word_1_69' title='bbox 659 1335 722 1404; x_wconf 90' lang='lat' dir='ltr'><strong>est;</strong></span> <span class='ocrx_word' id='word_1_70' title='bbox 747 1349 819 1391; x_wconf 89' lang='lat' dir='ltr'><strong>nam</strong></span> <span class='ocrx_word' id='word_1_71' title='bbox 841 1349 882 1391; x_wconf 81' lang='lat' dir='ltr'><strong>ex</strong></span> <span class='ocrx_word' id='word_1_72' title='bbox 903 1347 942 1392; x_wconf 93' lang='lat' dir='ltr'><strong>eo</strong></span> <span class='ocrx_word' id='word_1_73' title='bbox 965 1327 1126 1390; x_wconf 89' lang='lat' dir='ltr'><strong>verissima</strong></span> <span class='ocrx_word' id='word_1_74' title='bbox 1148 1328 1286 1390; x_wconf 89' lang='lat' dir='ltr'><strong>nascitur</strong></span> <span class='ocrx_word' id='word_1_75' title='bbox 1298 1326 1450 1390; x_wconf 87' lang='lat' dir='ltr'><strong>amicitia.</strong></span> 
     </span>
     <span class='ocr_line' id='line_1_11' title="bbox 125 1420 1491 1508; baseline -0.001 -20"><span class='ocrx_word' id='word_1_76' title='bbox 125 1426 188 1488; x_wconf 76' lang='lat' dir='ltr'><strong>Aut</strong></span> <span class='ocrx_word' id='word_1_77' title='bbox 210 1426 270 1487; x_wconf 91' lang='lat' dir='ltr'><strong>hoc</strong></span> <span class='ocrx_word' id='word_1_78' title='bbox 293 1425 407 1487; x_wconf 82' lang='lat' dir='ltr'><strong>modo:</strong></span> <span class='ocrx_word' id='word_1_79' title='bbox 446 1424 650 1508; x_wconf 79' lang='lat' dir='ltr'><strong>Philosophia</strong></span> <span class='ocrx_word' id='word_1_80' title='bbox 678 1424 804 1486; x_wconf 89' lang='lat' dir='ltr'><strong>vitanda</strong></span> <span class='ocrx_word' id='word_1_81' title='bbox 834 1429 897 1498; x_wconf 88' lang='lat' dir='ltr'><strong>est;</strong></span> <span class='ocrx_word' id='word_1_82' title='bbox 934 1420 1025 1486; x_wconf 84' lang='lat' dir='ltr'><strong>alieri</strong></span> <span class='ocrx_word' id='word_1_83' title='bbox 1052 1422 1136 1485; x_wconf 88' lang='lat' dir='ltr'><strong>enim</strong></span> <span class='ocrx_word' id='word_1_84' title='bbox 1157 1423 1336 1486; x_wconf 85' lang='lat' dir='ltr'><strong>socordiam</strong></span> <span class='ocrx_word' id='word_1_85' title='bbox 1359 1431 1491 1508; x_wconf 82' lang='lat' dir='ltr'><strong>atque¹⁰</strong></span> 
     </span>
     <span class='ocr_line' id='line_1_12' title="bbox 127 1517 1455 1603; baseline -0.002 -20"><span class='ocrx_word' id='word_1_86' title='bbox 127 1521 291 1584; x_wconf 85' lang='lat' dir='ltr'><strong>desidiam.</strong></span> <span class='ocrx_word' id='word_1_87' title='bbox 336 1521 415 1580; x_wconf 90' lang='lat' dir='ltr'><strong>Nam</strong></span> <span class='ocrx_word' id='word_1_88' title='bbox 442 1518 503 1580; x_wconf 90' lang='lat' dir='ltr'><strong>hae</strong></span> <span class='ocrx_word' id='word_1_89' title='bbox 533 1519 672 1580; x_wconf 87' lang='lat' dir='ltr'><strong>rationes</strong></span> <span class='ocrx_word' id='word_1_90' title='bbox 700 1517 760 1580; x_wconf 89' lang='lat' dir='ltr'><strong>nisi</strong></span> <span class='ocrx_word' id='word_1_91' title='bbox 793 1517 889 1580; x_wconf 87' lang='lat' dir='ltr'><strong>salsae</strong></span> <span class='ocrx_word' id='word_1_92' title='bbox 922 1524 1043 1591; x_wconf 89' lang='lat' dir='ltr'><strong>essent,</strong></span> <span class='ocrx_word' id='word_1_93' title='bbox 1083 1517 1297 1601; x_wconf 76' lang='lat' dir='ltr'><strong>expositiones</strong></span> <span class='ocrx_word' id='word_1_94' title='bbox 1327 1536 1455 1603; x_wconf 86' lang='lat' dir='ltr'><strong>quoque</strong></span> 
     </span>
     <span class='ocr_line' id='line_1_13' title="bbox 126 1609 1455 1698; baseline -0.004 -19"><span class='ocrx_word' id='word_1_95' title='bbox 126 1635 234 1679; x_wconf 85' lang='lat' dir='ltr'><strong>earum</strong></span> <span class='ocrx_word' id='word_1_96' title='bbox 257 1632 347 1677; x_wconf 85' lang='lat' dir='ltr'><strong>veras</strong></span> <span class='ocrx_word' id='word_1_97' title='bbox 369 1632 438 1676; x_wconf 88' lang='lat' dir='ltr'><strong>esse</strong></span> <span class='ocrx_word' id='word_1_98' title='bbox 460 1609 693 1675; x_wconf 83' lang='lat' dir='ltr'><strong>confiteremur.</strong></span> <span class='ocrx_word' id='word_1_99' title='bbox 739 1613 790 1675; x_wconf 83' lang='lat'><strong>36.</strong></span> <span class='ocrx_word' id='word_1_100' title='bbox 815 1612 956 1694; x_wconf 79' lang='lat' dir='ltr'><strong>Itemque</strong></span> <span class='ocrx_word' id='word_1_101' title='bbox 971 1611 1096 1675; x_wconf 84' lang='lat' dir='ltr'><strong>infirma</strong></span> <span class='ocrx_word' id='word_1_102' title='bbox 1110 1611 1189 1674; x_wconf 88' lang='lat' dir='ltr'><strong>ratio</strong></span> <span class='ocrx_word' id='word_1_103' title='bbox 1204 1619 1268 1687; x_wconf 85' lang='lat' dir='ltr'><strong>est,</strong></span> <span class='ocrx_word' id='word_1_104' title='bbox 1293 1631 1374 1698; x_wconf 87' lang='lat' dir='ltr'><strong>quae</strong></span> <span class='ocrx_word' id='word_1_105' title='bbox 1390 1632 1455 1674; x_wconf 92' lang='lat' dir='ltr'><strong>non</strong></span> 
     </span>
     <span class='ocr_line' id='line_1_14' title="bbox 126 1705 1141 1792; baseline -0.003 -19"><span class='ocrx_word' id='word_1_106' title='bbox 126 1709 336 1775; x_wconf 89' lang='lat' dir='ltr'><strong>necessariam</strong></span> <span class='ocrx_word' id='word_1_107' title='bbox 359 1727 484 1771; x_wconf 89' lang='lat' dir='ltr'><strong>causam</strong></span> <span class='ocrx_word' id='word_1_108' title='bbox 506 1705 599 1772; x_wconf 81' lang='lat' dir='ltr'><strong>alieri</strong></span> <span class='ocrx_word' id='word_1_109' title='bbox 621 1706 844 1792; x_wconf 81' lang='lat' dir='ltr'><strong>expositionis3</strong></span> <span class='ocrx_word' id='word_1_110' title='bbox 867 1706 955 1769; x_wconf 83' lang='lat' dir='ltr'><strong>velut</strong></span> <span class='ocrx_word' id='word_1_111' title='bbox 974 1707 1141 1771; x_wconf 85' lang='lat' dir='ltr'><strong>Pacuvius:</strong></span> 
     </span>
    </p>
   </div>
   <div class='ocr_carea' id='block_1_7' title="bbox 168 1847 1492 2877">
    <p class='ocr_par' dir='ltr' id='par_1_7' title="bbox 168 1847 1492 2310">
     <span class='ocr_line' id='line_1_15' title="bbox 168 1847 1325 1930; baseline -0.003 -17"><span class='ocrx_word' id='word_1_112' title='bbox 168 1853 334 1914; x_wconf 78' lang='lat' dir='ltr'><strong>Fortunam</strong></span> <span class='ocrx_word' id='word_1_113' title='bbox 354 1851 494 1912; x_wconf 84' lang='lat' dir='ltr'><strong>insanam</strong></span> <span class='ocrx_word' id='word_1_114' title='bbox 515 1869 575 1912; x_wconf 89' lang='lat' dir='ltr'><strong>esse</strong></span> <span class='ocrx_word' id='word_1_115' title='bbox 596 1857 622 1912; x_wconf 87' lang='lat' dir='ltr'><strong>el</strong></span> <span class='ocrx_word' id='word_1_116' title='bbox 644 1867 762 1911; x_wconf 89' lang='lat' dir='ltr'><strong>caecum</strong></span> <span class='ocrx_word' id='word_1_117' title='bbox 782 1856 809 1912; x_wconf 89' lang='lat' dir='ltr'><strong>ct</strong></span> <span class='ocrx_word' id='word_1_118' title='bbox 830 1849 949 1911; x_wconf 85' lang='lat' dir='ltr'><strong>brutam</strong></span> <span class='ocrx_word' id='word_1_119' title='bbox 963 1847 1119 1930; x_wconf 80' lang='lat' dir='ltr'><strong>perhibent</strong></span> <span class='ocrx_word' id='word_1_120' title='bbox 1136 1847 1325 1930; x_wconf 79' lang='lat' dir='ltr'><strong>philosophi,</strong></span> 
     </span>
     <span class='ocr_line' id='line_1_16' title="bbox 168 1942 1492 2026; baseline -0.008 -18"><span class='ocrx_word' id='word_1_121' title='bbox 168 1947 309 2026; x_wconf 69' lang='lat' dir='ltr'><strong>Sauoque</strong></span> <span class='ocrx_word' id='word_1_122' title='bbox 330 1945 416 2006; x_wconf 89' lang='lat' dir='ltr'><strong>illam</strong></span> <span class='ocrx_word' id='word_1_123' title='bbox 436 1945 550 2006; x_wconf 86' lang='lat' dir='ltr'><strong>instare</strong></span> <span class='ocrx_word' id='word_1_124' title='bbox 570 1945 689 2025; x_wconf 89' lang='lat' dir='ltr'><strong>qlobosu</strong></span> <span class='ocrx_word' id='word_1_125' title='bbox 704 1943 882 2025; x_wconf 87' lang='lat' dir='ltr'><strong>praedicant</strong></span> <span class='ocrx_word' id='word_1_126' title='bbox 901 1942 1071 2014; x_wconf 72' lang='lat' dir='ltr'><strong>volubilem,</strong></span> <span class='ocrx_word' id='word_1_127' title='bbox 1463 1956 1492 1998; x_wconf 83' lang='lat'><strong>1⁵</strong></span> 
     </span>
     <span class='ocr_line' id='line_1_17' title="bbox 172 2037 1282 2121; baseline -0.002 -20"><span class='ocrx_word' id='word_1_128' title='bbox 172 2041 252 2118; x_wconf 86' lang='lat' dir='ltr'><strong>Quia</strong></span> <span class='ocrx_word' id='word_1_129' title='bbox 273 2059 330 2119; x_wconf 91' lang='lat' dir='ltr'><strong>quo</strong></span> <span class='ocrx_word' id='word_1_130' title='bbox 351 2059 463 2102; x_wconf 77' lang='lat' dir='ltr'><strong>sanum</strong></span> <span class='ocrx_word' id='word_1_131' title='bbox 483 2040 636 2121; x_wconf 87' lang='lat' dir='ltr'><strong>impulerit</strong></span> <span class='ocrx_word' id='word_1_132' title='bbox 654 2041 735 2120; x_wconf 86' lang='lat' dir='ltr'><strong>sors,</strong></span> <span class='ocrx_word' id='word_1_133' title='bbox 759 2058 792 2100; x_wconf 93' lang='lat' dir='ltr'><strong>eo</strong></span> <span class='ocrx_word' id='word_1_134' title='bbox 814 2038 918 2099; x_wconf 87' lang='lat' dir='ltr'><strong>cadere</strong></span> <span class='ocrx_word' id='word_1_135' title='bbox 936 2037 1093 2118; x_wconf 73' lang='lat' dir='ltr'><strong>(ortanum</strong></span> <span class='ocrx_word' id='word_1_136' title='bbox 1114 2044 1282 2100; x_wconf 83' lang='lat' dir='ltr'><strong>autumanl.</strong></span> 
     </span>
     <span class='ocr_line' id='line_1_18' title="bbox 169 2133 1405 2215; baseline -0.002 -18"><span class='ocrx_word' id='word_1_137' title='bbox 169 2136 293 2198; x_wconf 89' lang='lat' dir='ltr'><strong>Caecum</strong></span> <span class='ocrx_word' id='word_1_138' title='bbox 313 2133 348 2194; x_wconf 93' lang='lat' dir='ltr'><strong>ob</strong></span> <span class='ocrx_word' id='word_1_139' title='bbox 369 2153 435 2195; x_wconf 93' lang='lat' dir='ltr'><strong>eam</strong></span> <span class='ocrx_word' id='word_1_140' title='bbox 456 2152 521 2195; x_wconf 87' lang='lat' dir='ltr'><strong>rem</strong></span> <span class='ocrx_word' id='word_1_141' title='bbox 541 2153 602 2195; x_wconf 89' lang='lat' dir='ltr'><strong>esse</strong></span> <span class='ocrx_word' id='word_1_142' title='bbox 622 2136 748 2203; x_wconf 88' lang='lat' dir='ltr'><strong>iterant,</strong></span> <span class='ocrx_word' id='word_1_143' title='bbox 771 2134 843 2214; x_wconf 88' lang='lat' dir='ltr'><strong>quia</strong></span> <span class='ocrx_word' id='word_1_144' title='bbox 863 2133 940 2194; x_wconf 80' lang='lat' dir='ltr'><strong>nihil</strong></span> <span class='ocrx_word' id='word_1_145' title='bbox 961 2141 1080 2204; x_wconf 73' lang='lat' dir='ltr'><strong>cernuat,</strong></span> <span class='ocrx_word' id='word_1_146' title='bbox 1101 2152 1158 2214; x_wconf 91' lang='lat' dir='ltr'><strong>quo</strong></span> <span class='ocrx_word' id='word_1_147' title='bbox 1179 2152 1240 2196; x_wconf 89' lang='lat' dir='ltr'><strong>sese</strong></span> <span class='ocrx_word' id='word_1_148' title='bbox 1261 2133 1405 2215; x_wconf 85' lang='lat' dir='ltr'><strong>applicet,·</strong></span> 
     </span>
     <span class='ocr_line' id='line_1_19' title="bbox 168 2227 1220 2310; baseline -0.001 -19"><span class='ocrx_word' id='word_1_149' title='bbox 168 2231 313 2292; x_wconf 86' lang='lat' dir='ltr'><strong>Insanum</strong></span> <span class='ocrx_word' id='word_1_150' title='bbox 333 2237 433 2291; x_wconf 88' lang='lat' dir='ltr'><strong>autem</strong></span> <span class='ocrx_word' id='word_1_151' title='bbox 454 2229 555 2301; x_wconf 88' lang='lat' dir='ltr'><strong>aiunt,</strong></span> <span class='ocrx_word' id='word_1_152' title='bbox 578 2229 650 2310; x_wconf 88' lang='lat' dir='ltr'><strong>quia</strong></span> <span class='ocrx_word' id='word_1_153' title='bbox 670 2237 780 2298; x_wconf 77' lang='lat' dir='ltr'><strong>atron,</strong></span> <span class='ocrx_word' id='word_1_154' title='bbox 803 2228 918 2288; x_wconf 86' lang='lat' dir='ltr'><strong>incerta</strong></span> <span class='ocrx_word' id='word_1_155' title='bbox 938 2227 1142 2309; x_wconf 75' lang='lat' dir='ltr'><strong>instabilisque</strong></span> <span class='ocrx_word' id='word_1_156' title='bbox 1164 2229 1220 2299; x_wconf 84' lang='lat' dir='ltr'><strong>sit,</strong></span> 
     </span>
    </p>

    <p class='ocr_par' dir='ltr' id='par_1_8' title="bbox 170 2322 1209 2403">
     <span class='ocr_line' id='line_1_20' title="bbox 170 2322 1209 2403; baseline 0.001 -20"><span class='ocrx_word' id='word_1_157' title='bbox 170 2324 315 2392; x_wconf 82' lang='lat' dir='ltr'><strong>Brutum,</strong></span> <span class='ocrx_word' id='word_1_158' title='bbox 337 2322 410 2403; x_wconf 87' lang='lat' dir='ltr'><strong>quia</strong></span> <span class='ocrx_word' id='word_1_159' title='bbox 430 2322 553 2402; x_wconf 85' lang='lat' dir='ltr'><strong>diqnum</strong></span> <span class='ocrx_word' id='word_1_160' title='bbox 574 2331 660 2402; x_wconf 83' lang='lat' dir='ltr'><strong>alque</strong></span> <span class='ocrx_word' id='word_1_161' title='bbox 681 2322 837 2403; x_wconf 84' lang='lat' dir='ltr'><strong>indiqnum</strong></span> <span class='ocrx_word' id='word_1_162' title='bbox 856 2331 980 2402; x_wconf 79' lang='lat' dir='ltr'><strong>nequeat</strong></span> <span class='ocrx_word' id='word_1_163' title='bbox 1000 2323 1209 2385; x_wconf 78' lang='lat' dir='ltr'><strong>internoscere.</strong></span> 
     </span>
    </p>

    <p class='ocr_par' dir='ltr' id='par_1_9' title="bbox 169 2416 1160 2498">
     <span class='ocr_line' id='line_1_21' title="bbox 169 2416 1160 2498; baseline 0.001 -19"><span class='ocrx_word' id='word_1_164' title='bbox 169 2418 245 2479; x_wconf 81' lang='lat' dir='ltr'><strong>Surrt</strong></span> <span class='ocrx_word' id='word_1_165' title='bbox 265 2424 365 2478; x_wconf 91' lang='lat' dir='ltr'><strong>autem</strong></span> <span class='ocrx_word' id='word_1_166' title='bbox 385 2416 441 2478; x_wconf 89' lang='lat' dir='ltr'><strong>alii</strong></span> <span class='ocrx_word' id='word_1_167' title='bbox 460 2416 644 2497; x_wconf 87' lang='lat' dir='ltr'><strong>philosophi,</strong></span> <span class='ocrx_word' id='word_1_168' title='bbox 670 2416 722 2497; x_wconf 87' lang='lat' dir='ltr'><strong>qui</strong></span> <span class='ocrx_word' id='word_1_169' title='bbox 743 2423 849 2477; x_wconf 87' lang='lat' dir='ltr'><strong>contra</strong></span> <span class='ocrx_word' id='word_1_170' title='bbox 869 2416 1036 2478; x_wconf 83' lang='lat' dir='ltr'><strong>Fortunam</strong></span> <span class='ocrx_word' id='word_1_171' title='bbox 1055 2427 1160 2498; x_wconf 86' lang='lat' dir='ltr'><strong>neqent</strong></span> 
     </span>
    </p>

    <p class='ocr_par' dir='ltr' id='par_1_10' title="bbox 168 2509 1213 2594">
     <span class='ocr_line' id='line_1_22' title="bbox 168 2509 1213 2594; baseline 0 -20"><span class='ocrx_word' id='word_1_172' title='bbox 168 2511 327 2575; x_wconf 88' lang='lat' dir='ltr'><strong>Miseriam</strong></span> <span class='ocrx_word' id='word_1_173' title='bbox 348 2529 409 2571; x_wconf 89' lang='lat' dir='ltr'><strong>esse</strong></span> <span class='ocrx_word' id='word_1_174' title='bbox 429 2509 539 2581; x_wconf 87' lang='lat' dir='ltr'><strong>ullam,</strong></span> <span class='ocrx_word' id='word_1_175' title='bbox 561 2509 610 2571; x_wconf 86' lang='lat' dir='ltr'><strong>sed</strong></span> <span class='ocrx_word' id='word_1_176' title='bbox 630 2510 793 2572; x_wconf 88' lang='lat' dir='ltr'><strong>temeritate</strong></span> <span class='ocrx_word' id='word_1_177' title='bbox 814 2510 916 2572; x_wconf 85' lang='lat' dir='ltr'><strong>omnia</strong></span> <span class='ocrx_word' id='word_1_178' title='bbox 938 2511 1013 2591; x_wconf 87' lang='lat' dir='ltr'><strong>reqi.</strong></span> <span class='ocrx_word' id='word_1_179' title='bbox 1058 2511 1095 2574; x_wconf 89' lang='lat' dir='ltr'><strong>Id</strong></span> <span class='ocrx_word' id='word_1_180' title='bbox 1116 2511 1213 2594; x_wconf 86' lang='lat' dir='ltr'><strong>maqis</strong></span> 
     </span>
    </p>

    <p class='ocr_par' dir='ltr' id='par_1_11' title="bbox 174 2604 1135 2685">
     <span class='ocr_line' id='line_1_23' title="bbox 174 2604 1135 2685; baseline 0.001 -19"><span class='ocrx_word' id='word_1_181' title='bbox 174 2605 241 2666; x_wconf 66' lang='lat' dir='ltr'><strong>l&#39;eri</strong></span> <span class='ocrx_word' id='word_1_182' title='bbox 262 2604 359 2666; x_wconf 87' lang='lat' dir='ltr'><strong>simile</strong></span> <span class='ocrx_word' id='word_1_183' title='bbox 380 2605 482 2675; x_wconf 86' lang='lat' dir='ltr'><strong>aiunt,</strong></span> <span class='ocrx_word' id='word_1_184' title='bbox 504 2604 582 2685; x_wconf 90' lang='lat' dir='ltr'><strong>quod</strong></span> <span class='ocrx_word' id='word_1_185' title='bbox 602 2624 677 2665; x_wconf 88' lang='lat' dir='ltr'><strong>usus</strong></span> <span class='ocrx_word' id='word_1_186' title='bbox 698 2623 801 2684; x_wconf 87' lang='lat' dir='ltr'><strong>reapse</strong></span> <span class='ocrx_word' id='word_1_187' title='bbox 821 2604 1006 2684; x_wconf 74' lang='lat' dir='ltr'><strong>experiundo</strong></span> <span class='ocrx_word' id='word_1_188' title='bbox 1027 2606 1135 2668; x_wconf 86' lang='lat' dir='ltr'><strong>edocet.</strong></span> 
     </span>
    </p>

    <p class='ocr_par' dir='ltr' id='par_1_12' title="bbox 173 2697 1150 2780">
     <span class='ocr_line' id='line_1_24' title="bbox 173 2697 1150 2780; baseline 0 -19"><span class='ocrx_word' id='word_1_189' title='bbox 173 2698 253 2761; x_wconf 79' lang='lat' dir='ltr'><strong>Velut</strong></span> <span class='ocrx_word' id='word_1_190' title='bbox 277 2698 396 2762; x_wconf 85' lang='lat' dir='ltr'><strong>Orestes</strong></span> <span class='ocrx_word' id='word_1_191' title='bbox 416 2697 503 2761; x_wconf 88' lang='lat' dir='ltr'><strong>modo</strong></span> <span class='ocrx_word' id='word_1_192' title='bbox 521 2699 582 2780; x_wconf 78' lang='lat' dir='ltr'><strong>suit</strong></span> <span class='ocrx_word' id='word_1_193' title='bbox 604 2717 675 2769; x_wconf 78' lang='lat' dir='ltr'><strong>reu,</strong></span> <span class='ocrx_word' id='word_1_194' title='bbox 698 2698 783 2760; x_wconf 77' lang='lat' dir='ltr'><strong>neoda</strong></span> <span class='ocrx_word' id='word_1_195' title='bbox 805 2697 955 2759; x_wconf 87' lang='lat' dir='ltr'><strong>mendicus</strong></span> <span class='ocrx_word' id='word_1_196' title='bbox 972 2698 1072 2780; x_wconf 78' lang='lat' dir='ltr'><strong>sactus</strong></span> <span class='ocrx_word' id='word_1_197' title='bbox 1093 2708 1150 2776; x_wconf 88' lang='lat' dir='ltr'><strong>est;</strong></span> 
     </span>
    </p>

    <p class='ocr_par' dir='ltr' id='par_1_13' title="bbox 169 2791 1198 2877">
     <span class='ocr_line' id='line_1_25' title="bbox 169 2791 1198 2877; baseline 0.002 -20"><span class='ocrx_word' id='word_1_198' title='bbox 169 2793 337 2876; x_wconf 68' lang='lat' dir='ltr'><strong>Naufraqe&#39;o</strong></span> <span class='ocrx_word' id='word_1_199' title='bbox 359 2813 407 2855; x_wconf 92' lang='lat' dir='ltr'><strong>res</strong></span> <span class='ocrx_word' id='word_1_200' title='bbox 428 2793 562 2875; x_wconf 86' lang='lat' dir='ltr'><strong>contiqit.</strong></span> <span class='ocrx_word' id='word_1_201' title='bbox 607 2793 715 2874; x_wconf 87' lang='lat' dir='ltr'><strong>Nempe</strong></span> <span class='ocrx_word' id='word_1_202' title='bbox 736 2810 806 2873; x_wconf 88' lang='lat' dir='ltr'><strong>erqo</strong></span> <span class='ocrx_word' id='word_1_203' title='bbox 827 2791 907 2854; x_wconf 85' lang='lat' dir='ltr'><strong>hund</strong></span> <span class='ocrx_word' id='word_1_204' title='bbox 927 2793 1063 2856; x_wconf 79' lang='lat' dir='ltr'><strong>Fortuna</strong></span> <span class='ocrx_word' id='word_1_205' title='bbox 1084 2795 1198 2877; x_wconf 85' lang='lat' dir='ltr'><strong>obtiqit.</strong></span> 
     </span>
    </p>
   </div>
   <div class='ocr_carea' id='block_1_8' title="bbox 126 2930 1492 4248">
    <p class='ocr_par' dir='ltr' id='par_1_14' title="bbox 126 2930 1492 4248">
     <span class='ocr_line' id='line_1_26' title="bbox 128 2930 1491 3008; baseline 0.002 -11"><span class='ocrx_word' id='word_1_206' title='bbox 128 2937 205 2997; x_wconf 89' lang='lat' dir='ltr'><strong>Nam</strong></span> <span class='ocrx_word' id='word_1_207' title='bbox 227 2934 280 2995; x_wconf 88' lang='lat' dir='ltr'><strong>hie</strong></span> <span class='ocrx_word' id='word_1_208' title='bbox 302 2933 455 2997; x_wconf 83' lang='lat' dir='ltr'><strong>Pacuvius</strong></span> <span class='ocrx_word' id='word_1_209' title='bbox 477 2930 600 2995; x_wconf 87' lang='lat' dir='ltr'><strong>infirma</strong></span> <span class='ocrx_word' id='word_1_210' title='bbox 622 2932 742 2996; x_wconf 91' lang='lat' dir='ltr'><strong>ratione</strong></span> <span class='ocrx_word' id='word_1_211' title='bbox 763 2933 878 3008; x_wconf 81' lang='lat' dir='ltr'><strong>utItur,</strong></span> <span class='ocrx_word' id='word_1_212' title='bbox 902 2954 973 2997; x_wconf 92' lang='lat' dir='ltr'><strong>cum</strong></span> <span class='ocrx_word' id='word_1_213' title='bbox 994 2935 1038 2997; x_wconf 87' lang='lat' dir='ltr'><strong>sit</strong></span> <span class='ocrx_word' id='word_1_214' title='bbox 1060 2936 1164 2999; x_wconf 85' lang='lat' dir='ltr'><strong>verius</strong></span> <span class='ocrx_word' id='word_1_215' title='bbox 1186 2957 1256 3000; x_wconf 90' lang='lat' dir='ltr'><strong>esse</strong></span> <span class='ocrx_word' id='word_1_216' title='bbox 1277 2940 1491 3005; x_wconf 76' lang='lat' dir='ltr'><strong>temeritatem</strong></span> 
     </span>
     <span class='ocr_line' id='line_1_27' title="bbox 128 3027 1456 3117; baseline 0.004 -26"><span class='ocrx_word' id='word_1_217' title='bbox 128 3049 220 3115; x_wconf 90' lang='lat' dir='ltr'><strong>quam</strong></span> <span class='ocrx_word' id='word_1_218' title='bbox 243 3030 383 3091; x_wconf 87' lang='lat' dir='ltr'><strong>Fortuna</strong></span> <span class='ocrx_word' id='word_1_219' title='bbox 404 3049 456 3091; x_wconf 89' lang='lat' dir='ltr'><strong>res</strong></span> <span class='ocrx_word' id='word_1_220' title='bbox 479 3027 564 3111; x_wconf 80' lang='lat' dir='ltr'><strong>regi3</strong></span> <span class='ocrx_word' id='word_1_221' title='bbox 602 3048 676 3090; x_wconf 90' lang='lat' dir='ltr'><strong>nam</strong></span> <span class='ocrx_word' id='word_1_222' title='bbox 698 3034 830 3112; x_wconf 88' lang='lat' dir='ltr'><strong>utraque</strong></span> <span class='ocrx_word' id='word_1_223' title='bbox 853 3029 1001 3112; x_wconf 89' lang='lat' dir='ltr'><strong>opinione</strong></span> <span class='ocrx_word' id='word_1_224' title='bbox 1023 3030 1286 3115; x_wconf 90' lang='lat' dir='ltr'><strong>philosophorum</strong></span> <span class='ocrx_word' id='word_1_225' title='bbox 1307 3030 1376 3096; x_wconf 85' lang='lat' dir='ltr'><strong>lieri</strong></span> <span class='ocrx_word' id='word_1_226' title='bbox 1398 3052 1456 3117; x_wconf 92' lang='lat' dir='ltr'><strong>po·</strong></span> 
     </span>
     <span class='ocr_line' id='line_1_28' title="bbox 127 3122 1454 3207; baseline 0.005 -23"><span class='ocrx_word' id='word_1_227' title='bbox 127 3124 202 3197; x_wconf 89' lang='lat' dir='ltr'><strong>tuit,</strong></span> <span class='ocrx_word' id='word_1_228' title='bbox 237 3130 271 3184; x_wconf 89' lang='lat' dir='ltr'><strong>ut</strong></span> <span class='ocrx_word' id='word_1_229' title='bbox 292 3123 336 3196; x_wconf 91' lang='lat' dir='ltr'><strong>is,</strong></span> <span class='ocrx_word' id='word_1_230' title='bbox 372 3123 425 3207; x_wconf 91' lang='lat' dir='ltr'><strong>qui</strong></span> <span class='ocrx_word' id='word_1_231' title='bbox 455 3143 512 3185; x_wconf 89' lang='lat' dir='ltr'><strong>rex</strong></span> <span class='ocrx_word' id='word_1_232' title='bbox 537 3122 665 3196; x_wconf 84' lang='lat' dir='ltr'><strong>suisset,</strong></span> <span class='ocrx_word' id='word_1_233' title='bbox 700 3122 863 3184; x_wconf 89' lang='lat' dir='ltr'><strong>mendicus</strong></span> <span class='ocrx_word' id='word_1_234' title='bbox 889 3122 989 3185; x_wconf 85' lang='lat' dir='ltr'><strong>iactus</strong></span> <span class='ocrx_word' id='word_1_235' title='bbox 1018 3132 1111 3186; x_wconf 86' lang='lat' dir='ltr'><strong>esset.</strong></span> <span class='ocrx_word' id='word_1_236' title='bbox 1155 3126 1269 3188; x_wconf 82' lang='lat' dir='ltr'><strong>XXIV.</strong></span> <span class='ocrx_word' id='word_1_237' title='bbox 1294 3128 1346 3190; x_wconf 83' lang='lat'><strong>37.</strong></span> <span class='ocrx_word' id='word_1_238' title='bbox 1375 3128 1454 3190; x_wconf 89' lang='lat' dir='ltr'><strong>Item</strong></span> 
     </span>
     <span class='ocr_line' id='line_1_29' title="bbox 127 3213 1454 3305; baseline 0.003 -25"><span class='ocrx_word' id='word_1_239' title='bbox 127 3214 249 3281; x_wconf 87' lang='lat' dir='ltr'><strong>infirma</strong></span> <span class='ocrx_word' id='word_1_240' title='bbox 271 3217 350 3280; x_wconf 90' lang='lat' dir='ltr'><strong>ratio</strong></span> <span class='ocrx_word' id='word_1_241' title='bbox 374 3223 438 3291; x_wconf 92' lang='lat' dir='ltr'><strong>est,</strong></span> <span class='ocrx_word' id='word_1_242' title='bbox 463 3237 543 3302; x_wconf 90' lang='lat' dir='ltr'><strong>quae</strong></span> <span class='ocrx_word' id='word_1_243' title='bbox 565 3218 691 3280; x_wconf 87' lang='lat' dir='ltr'><strong>videtur</strong></span> <span class='ocrx_word' id='word_1_244' title='bbox 711 3235 768 3302; x_wconf 94' lang='lat' dir='ltr'><strong>pro</strong></span> <span class='ocrx_word' id='word_1_245' title='bbox 791 3218 913 3279; x_wconf 90' lang='lat' dir='ltr'><strong>ratione</strong></span> <span class='ocrx_word' id='word_1_246' title='bbox 928 3213 1053 3290; x_wconf 83' lang='lat' dir='ltr'><strong>afferri,</strong></span> <span class='ocrx_word' id='word_1_247' title='bbox 1078 3219 1134 3280; x_wconf 89' lang='lat' dir='ltr'><strong>sed</strong></span> <span class='ocrx_word' id='word_1_248' title='bbox 1149 3219 1234 3281; x_wconf 92' lang='lat' dir='ltr'><strong>idem</strong></span> <span class='ocrx_word' id='word_1_249' title='bbox 1249 3219 1344 3293; x_wconf 90' lang='lat' dir='ltr'><strong>dicit,</strong></span> <span class='ocrx_word' id='word_1_250' title='bbox 1368 3222 1454 3305; x_wconf 92' lang='lat' dir='ltr'><strong>quod</strong></span> 
     </span>
     <span class='ocr_line' id='line_1_30' title="bbox 128 3312 1455 3397; baseline 0.002 -22"><span class='ocrx_word' id='word_1_251' title='bbox 128 3314 159 3375; x_wconf 93' lang='lat' dir='ltr'><strong>in</strong></span> <span class='ocrx_word' id='word_1_252' title='bbox 182 3313 380 3397; x_wconf 84' lang='lat' dir='ltr'><strong>expositione</strong></span> <span class='ocrx_word' id='word_1_253' title='bbox 402 3312 518 3374; x_wconf 90' lang='lat' dir='ltr'><strong>dictum</strong></span> <span class='ocrx_word' id='word_1_254' title='bbox 542 3319 609 3385; x_wconf 86' lang='lat' dir='ltr'><strong>est,</strong></span> <span class='ocrx_word' id='word_1_255' title='bbox 634 3313 696 3374; x_wconf 89' lang='lat' dir='ltr'><strong>hoc</strong></span> <span class='ocrx_word' id='word_1_256' title='bbox 719 3312 833 3374; x_wconf 86' lang='lat' dir='ltr'><strong>modo:</strong></span> <span class='ocrx_word' id='word_1_257' title='bbox 863 3313 977 3394; x_wconf 81' lang='lat' dir='ltr'><strong>Magno</strong></span> <span class='ocrx_word' id='word_1_258' title='bbox 1000 3312 1084 3373; x_wconf 87' lang='lat' dir='ltr'><strong>malo</strong></span> <span class='ocrx_word' id='word_1_259' title='bbox 1107 3320 1155 3374; x_wconf 87' lang='lat' dir='ltr'><strong>est</strong></span> <span class='ocrx_word' id='word_1_260' title='bbox 1175 3312 1359 3376; x_wconf 88' lang='lat' dir='ltr'><strong>hominibus</strong></span> <span class='ocrx_word' id='word_1_261' title='bbox 1381 3334 1455 3377; x_wconf 87' lang='lat' dir='ltr'><strong>ava-</strong></span> 
     </span>
     <span class='ocr_line' id='line_1_31' title="bbox 128 3405 1492 3491; baseline 0.003 -23"><span class='ocrx_word' id='word_1_262' title='bbox 128 3407 215 3480; x_wconf 89' lang='lat' dir='ltr'><strong>ritia,</strong></span> <span class='ocrx_word' id='word_1_263' title='bbox 254 3407 372 3469; x_wconf 89' lang='lat' dir='ltr'><strong>idcirco</strong></span> <span class='ocrx_word' id='word_1_264' title='bbox 402 3408 487 3491; x_wconf 92' lang='lat' dir='ltr'><strong>quod</strong></span> <span class='ocrx_word' id='word_1_265' title='bbox 514 3407 660 3469; x_wconf 89' lang='lat' dir='ltr'><strong>homines</strong></span> <span class='ocrx_word' id='word_1_266' title='bbox 682 3406 802 3488; x_wconf 78' lang='lat' dir='ltr'><strong>magnis</strong></span> <span class='ocrx_word' id='word_1_267' title='bbox 825 3413 856 3468; x_wconf 90' lang='lat' dir='ltr'><strong>et</strong></span> <span class='ocrx_word' id='word_1_268' title='bbox 878 3405 983 3467; x_wconf 90' lang='lat' dir='ltr'><strong>multis</strong></span> <span class='ocrx_word' id='word_1_269' title='bbox 1005 3406 1215 3468; x_wconf 90' lang='lat' dir='ltr'><strong>incommodis</strong></span> <span class='ocrx_word' id='word_1_270' title='bbox 1236 3410 1492 3472; x_wconf 84' lang='lat' dir='ltr'><strong>conffiotanturso</strong></span> 
     </span>
     <span class='ocr_line' id='line_1_32' title="bbox 127 3500 1455 3588; baseline 0.003 -25"><span class='ocrx_word' id='word_1_271' title='bbox 127 3508 256 3585; x_wconf 90' lang='lat' dir='ltr'><strong>propter</strong></span> <span class='ocrx_word' id='word_1_272' title='bbox 277 3501 462 3563; x_wconf 87' lang='lat' dir='ltr'><strong>immensam</strong></span> <span class='ocrx_word' id='word_1_273' title='bbox 485 3501 637 3584; x_wconf 90' lang='lat' dir='ltr'><strong>pecuniae</strong></span> <span class='ocrx_word' id='word_1_274' title='bbox 660 3502 873 3586; x_wconf 88' lang='lat' dir='ltr'><strong>cupiditatem.</strong></span> <span class='ocrx_word' id='word_1_275' title='bbox 919 3501 998 3562; x_wconf 89' lang='lat' dir='ltr'><strong>Nam</strong></span> <span class='ocrx_word' id='word_1_276' title='bbox 1020 3501 1073 3563; x_wconf 87' lang='lat' dir='ltr'><strong>hie</strong></span> <span class='ocrx_word' id='word_1_277' title='bbox 1094 3500 1163 3563; x_wconf 86' lang='lat' dir='ltr'><strong>aliis</strong></span> <span class='ocrx_word' id='word_1_278' title='bbox 1178 3502 1283 3564; x_wconf 84' lang='lat' dir='ltr'><strong>verbis</strong></span> <span class='ocrx_word' id='word_1_279' title='bbox 1297 3502 1382 3566; x_wconf 90' lang='lat' dir='ltr'><strong>idem</strong></span> <span class='ocrx_word' id='word_1_280' title='bbox 1397 3522 1455 3588; x_wconf 89' lang='lat' dir='ltr'><strong>per</strong></span> 
     </span>
     <span class='ocr_line' id='line_1_33' title="bbox 127 3593 1455 3679; baseline 0.003 -23"><span class='ocrx_word' id='word_1_281' title='bbox 127 3595 281 3657; x_wconf 89' lang='lat' dir='ltr'><strong>rationem</strong></span> <span class='ocrx_word' id='word_1_282' title='bbox 304 3594 435 3669; x_wconf 92' lang='lat' dir='ltr'><strong>dicitur,</strong></span> <span class='ocrx_word' id='word_1_283' title='bbox 460 3596 544 3678; x_wconf 92' lang='lat' dir='ltr'><strong>quod</strong></span> <span class='ocrx_word' id='word_1_284' title='bbox 566 3596 683 3658; x_wconf 92' lang='lat' dir='ltr'><strong>dictum</strong></span> <span class='ocrx_word' id='word_1_285' title='bbox 706 3602 753 3657; x_wconf 91' lang='lat' dir='ltr'><strong>est</strong></span> <span class='ocrx_word' id='word_1_286' title='bbox 775 3614 831 3679; x_wconf 90' lang='lat' dir='ltr'><strong>per</strong></span> <span class='ocrx_word' id='word_1_287' title='bbox 853 3596 1095 3679; x_wconf 86' lang='lat' dir='ltr'><strong>expositionem.</strong></span> <span class='ocrx_word' id='word_1_288' title='bbox 1141 3597 1219 3660; x_wconf 83' lang='lat' dir='ltr'><strong>Item</strong></span> <span class='ocrx_word' id='word_1_289' title='bbox 1237 3593 1360 3660; x_wconf 84' lang='lat' dir='ltr'><strong>infirma</strong></span> <span class='ocrx_word' id='word_1_290' title='bbox 1375 3598 1455 3661; x_wconf 92' lang='lat' dir='ltr'><strong>ratio</strong></span> 
     </span>
     <span class='ocr_line' id='line_1_34' title="bbox 128 3688 1455 3775; baseline 0.002 -23"><span class='ocrx_word' id='word_1_291' title='bbox 128 3696 191 3762; x_wconf 87' lang='lat' dir='ltr'><strong>est,</strong></span> <span class='ocrx_word' id='word_1_292' title='bbox 229 3707 310 3773; x_wconf 85' lang='lat' dir='ltr'><strong>quae</strong></span> <span class='ocrx_word' id='word_1_293' title='bbox 332 3688 435 3750; x_wconf 90' lang='lat' dir='ltr'><strong>minus</strong></span> <span class='ocrx_word' id='word_1_294' title='bbox 457 3689 623 3764; x_wconf 91' lang='lat' dir='ltr'><strong>idoneam,</strong></span> <span class='ocrx_word' id='word_1_295' title='bbox 654 3710 748 3773; x_wconf 86' lang='lat' dir='ltr'><strong>quam</strong></span> <span class='ocrx_word' id='word_1_296' title='bbox 770 3710 821 3752; x_wconf 90' lang='lat' dir='ltr'><strong>res</strong></span> <span class='ocrx_word' id='word_1_297' title='bbox 844 3690 998 3772; x_wconf 87' lang='lat' dir='ltr'><strong>postulat,</strong></span> <span class='ocrx_word' id='word_1_298' title='bbox 1032 3711 1158 3753; x_wconf 86' lang='lat' dir='ltr'><strong>causam</strong></span> <span class='ocrx_word' id='word_1_299' title='bbox 1180 3691 1307 3756; x_wconf 88' lang='lat' dir='ltr'><strong>subiicit</strong></span> <span class='ocrx_word' id='word_1_300' title='bbox 1329 3692 1455 3775; x_wconf 85' lang='lat' dir='ltr'><strong>exposi-</strong></span> 
     </span>
     <span class='ocr_line' id='line_1_35' title="bbox 128 3783 1455 3871; baseline 0.002 -26"><span class='ocrx_word' id='word_1_301' title='bbox 128 3783 240 3858; x_wconf 89' lang='lat' dir='ltr'><strong>tionis,</strong></span> <span class='ocrx_word' id='word_1_302' title='bbox 274 3783 336 3845; x_wconf 90' lang='lat' dir='ltr'><strong>hoo</strong></span> <span class='ocrx_word' id='word_1_303' title='bbox 363 3784 475 3846; x_wconf 91' lang='lat' dir='ltr'><strong>modo:</strong></span> <span class='ocrx_word' id='word_1_304' title='bbox 513 3784 602 3847; x_wconf 89' lang='lat' dir='ltr'><strong>Utilis</strong></span> <span class='ocrx_word' id='word_1_305' title='bbox 636 3791 683 3847; x_wconf 93' lang='lat' dir='ltr'><strong>est</strong></span> <span class='ocrx_word' id='word_1_306' title='bbox 713 3783 883 3868; x_wconf 89' lang='lat' dir='ltr'><strong>sapientia,</strong></span> <span class='ocrx_word' id='word_1_307' title='bbox 919 3792 1085 3868; x_wconf 89' lang='lat' dir='ltr'><strong>propterea</strong></span> <span class='ocrx_word' id='word_1_308' title='bbox 1115 3788 1199 3870; x_wconf 89' lang='lat' dir='ltr'><strong>quod</strong></span> <span class='ocrx_word' id='word_1_309' title='bbox 1222 3787 1274 3871; x_wconf 88' lang='lat' dir='ltr'><strong>qui</strong></span> <span class='ocrx_word' id='word_1_310' title='bbox 1296 3787 1455 3869; x_wconf 87' lang='lat' dir='ltr'><strong>sapientes</strong></span> 
     </span>
     <span class='ocr_line' id='line_1_36' title="bbox 128 3877 1491 3962; baseline 0.001 -23"><span class='ocrx_word' id='word_1_311' title='bbox 128 3884 217 3949; x_wconf 89' lang='lat' dir='ltr'><strong>sunt,</strong></span> <span class='ocrx_word' id='word_1_312' title='bbox 240 3877 389 3962; x_wconf 86' lang='lat' dir='ltr'><strong>pietatem</strong></span> <span class='ocrx_word' id='word_1_313' title='bbox 411 3878 517 3940; x_wconf 90' lang='lat' dir='ltr'><strong>colere</strong></span> <span class='ocrx_word' id='word_1_314' title='bbox 539 3884 742 3940; x_wconf 90' lang='lat' dir='ltr'><strong>consuerunt.</strong></span> <span class='ocrx_word' id='word_1_315' title='bbox 787 3878 883 3940; x_wconf 83' lang='lat' dir='ltr'><strong>item:</strong></span> <span class='ocrx_word' id='word_1_316' title='bbox 907 3879 987 3941; x_wconf 84' lang='lat' dir='ltr'><strong>Utile</strong></span> <span class='ocrx_word' id='word_1_317' title='bbox 1004 3887 1051 3942; x_wconf 88' lang='lat' dir='ltr'><strong>est</strong></span> <span class='ocrx_word' id='word_1_318' title='bbox 1066 3881 1185 3943; x_wconf 86' lang='lat' dir='ltr'><strong>amicos</strong></span> <span class='ocrx_word' id='word_1_319' title='bbox 1199 3901 1292 3943; x_wconf 89' lang='lat' dir='ltr'><strong>veros</strong></span> <span class='ocrx_word' id='word_1_320' title='bbox 1315 3882 1451 3958; x_wconf 82' lang='lat' dir='ltr'><strong>habere3</strong></span> <span class='ocrx_word' id='word_1_321' title='bbox 1464 3900 1491 3942; x_wconf 84' lang='lat' dir='ltr'><strong>as</strong></span> 
     </span>
     <span class='ocr_line' id='line_1_37' title="bbox 127 3971 1454 4055; baseline 0.004 -22"><span class='ocrx_word' id='word_1_322' title='bbox 127 3972 244 4034; x_wconf 84' lang='lat' dir='ltr'><strong>habeas</strong></span> <span class='ocrx_word' id='word_1_323' title='bbox 266 3971 350 4034; x_wconf 92' lang='lat' dir='ltr'><strong>enim</strong></span> <span class='ocrx_word' id='word_1_324' title='bbox 371 3972 558 4055; x_wconf 89' lang='lat' dir='ltr'><strong>quibuscum</strong></span> <span class='ocrx_word' id='word_1_325' title='bbox 580 3971 678 4033; x_wconf 90' lang='lat' dir='ltr'><strong>iocari</strong></span> <span class='ocrx_word' id='word_1_326' title='bbox 699 3972 813 4055; x_wconf 91' lang='lat' dir='ltr'><strong>possis.</strong></span> <span class='ocrx_word' id='word_1_327' title='bbox 858 3973 935 4034; x_wconf 91' lang='lat' dir='ltr'><strong>Nam</strong></span> <span class='ocrx_word' id='word_1_328' title='bbox 957 3973 989 4035; x_wconf 94' lang='lat' dir='ltr'><strong>in</strong></span> <span class='ocrx_word' id='word_1_329' title='bbox 1004 3974 1184 4038; x_wconf 90' lang='lat' dir='ltr'><strong>huiusmodi</strong></span> <span class='ocrx_word' id='word_1_330' title='bbox 1201 3975 1374 4038; x_wconf 89' lang='lat' dir='ltr'><strong>rationibus</strong></span> <span class='ocrx_word' id='word_1_331' title='bbox 1390 3995 1454 4038; x_wconf 91' lang='lat' dir='ltr'><strong>non</strong></span> 
     </span>
     <span class='ocr_line' id='line_1_38' title="bbox 126 4064 1449 4154; baseline 0.005 -28"><span class='ocrx_word' id='word_1_332' title='bbox 126 4064 273 4127; x_wconf 87' lang='lat' dir='ltr'><strong>universa</strong></span> <span class='ocrx_word' id='word_1_333' title='bbox 300 4084 403 4148; x_wconf 90' lang='lat' dir='ltr'><strong>neque</strong></span> <span class='ocrx_word' id='word_1_334' title='bbox 431 4065 594 4138; x_wconf 88' lang='lat' dir='ltr'><strong>absoluta,</strong></span> <span class='ocrx_word' id='word_1_335' title='bbox 632 4067 689 4129; x_wconf 91' lang='lat' dir='ltr'><strong>sed</strong></span> <span class='ocrx_word' id='word_1_336' title='bbox 714 4073 881 4129; x_wconf 83' lang='lat' dir='ltr'><strong>extenuata</strong></span> <span class='ocrx_word' id='word_1_337' title='bbox 914 4068 1034 4130; x_wconf 88' lang='lat' dir='ltr'><strong>ratione</strong></span> <span class='ocrx_word' id='word_1_338' title='bbox 1057 4070 1213 4154; x_wconf 80' lang='lat' dir='ltr'><strong>expositio</strong></span> <span class='ocrx_word' id='word_1_339' title='bbox 1236 4066 1449 4132; x_wconf 84' lang='lat' dir='ltr'><strong>confirmatur.</strong></span> 
     </span>
     <span class='ocr_line' id='line_1_39' title="bbox 128 4155 1454 4248; baseline 0.007 -28"><span class='ocrx_word' id='word_1_340' title='bbox 128 4159 206 4221; x_wconf 90' lang='lat' dir='ltr'><strong>Item</strong></span> <span class='ocrx_word' id='word_1_341' title='bbox 227 4155 350 4222; x_wconf 84' lang='lat' dir='ltr'><strong>infirma</strong></span> <span class='ocrx_word' id='word_1_342' title='bbox 371 4159 450 4223; x_wconf 89' lang='lat' dir='ltr'><strong>ratio</strong></span> <span class='ocrx_word' id='word_1_343' title='bbox 473 4167 537 4234; x_wconf 90' lang='lat' dir='ltr'><strong>cst,</strong></span> <span class='ocrx_word' id='word_1_344' title='bbox 561 4180 640 4245; x_wconf 88' lang='lat' dir='ltr'><strong>quae</strong></span> <span class='ocrx_word' id='word_1_345' title='bbox 661 4161 713 4224; x_wconf 89' lang='lat' dir='ltr'><strong>vel</strong></span> <span class='ocrx_word' id='word_1_346' title='bbox 734 4161 787 4223; x_wconf 92' lang='lat' dir='ltr'><strong>alii</strong></span> <span class='ocrx_word' id='word_1_347' title='bbox 810 4162 999 4248; x_wconf 85' lang='lat' dir='ltr'><strong>expositioni</strong></span> <span class='ocrx_word' id='word_1_348' title='bbox 1022 4171 1124 4247; x_wconf 92' lang='lat' dir='ltr'><strong>potest</strong></span> <span class='ocrx_word' id='word_1_349' title='bbox 1145 4164 1395 4239; x_wconf 85' lang='lat' dir='ltr'><strong>accommodari,</strong></span> <span class='ocrx_word' id='word_1_350' title='bbox 1419 4171 1454 4229; x_wconf 87' lang='lat' dir='ltr'><strong>ut</strong></span> 
     </span>
    </p>
   </div>
   <div class='ocr_carea' id='block_1_9' title="bbox 125 4375 1456 5005">
    <p class='ocr_par' dir='ltr' id='par_1_15' title="bbox 125 4375 1456 5005">
     <span class='ocr_line' id='line_1_40' title="bbox 196 4375 1450 4439; baseline 0.002 -15"><span class='ocrx_word' id='word_1_351' title='bbox 196 4375 223 4424; x_wconf 70' lang='lat'><strong>2.</strong></span> <span class='ocrx_word' id='word_1_352' title='bbox 243 4375 361 4423; x_wconf 87' lang='lat' dir='ltr'><strong>Immune</strong></span> <span class='ocrx_word' id='word_1_353' title='bbox 386 4387 426 4436; x_wconf 89' lang='lat' dir='ltr'><strong>pr.</strong></span> <span class='ocrx_word' id='word_1_354' title='bbox 451 4375 471 4424; x_wconf 81' lang='grc' dir='ltr'><strong>Ρ</strong></span> <span class='ocrx_word' id='word_1_355' title='bbox 499 4375 596 4437; x_wconf 83' lang='lat' dir='ltr'><strong>(Ptaut.</strong></span> <span class='ocrx_word' id='word_1_356' title='bbox 619 4376 693 4426; x_wconf 87' lang='lat' dir='ltr'><strong>Trtn.</strong></span> <span class='ocrx_word' id='word_1_357' title='bbox 718 4377 749 4437; x_wconf 90' lang='grc'><strong>1,</strong></span> <span class='ocrx_word' id='word_1_358' title='bbox 776 4378 806 4429; x_wconf 90' lang='grc'><strong>1.</strong></span> <span class='ocrx_word' id='word_1_359' title='bbox 834 4375 889 4436; x_wconf 62' lang='lat' dir='ltr'><strong>ui:</strong></span> <span class='ocrx_word' id='word_1_360' title='bbox 920 4379 1037 4428; x_wconf 88' lang='lat' dir='ltr'><strong>Immune</strong></span> <span class='ocrx_word' id='word_1_361' title='bbox 1064 4376 1209 4439; x_wconf 51' lang='lat' dir='ltr'><strong>hill-&#39;RH</strong></span> <span class='ocrx_word' id='word_1_362' title='bbox 1226 4392 1294 4429; x_wconf 82' lang='lat' dir='ltr'><strong>sorr.</strong></span> <span class='ocrx_word' id='word_1_363' title='bbox 1323 4379 1353 4428; x_wconf 86' lang='lat' dir='ltr'><strong>P.</strong></span> <span class='ocrx_word' id='word_1_364' title='bbox 1374 4387 1399 4429; x_wconf 89' lang='lat' dir='ltr'><strong>et</strong></span> <span class='ocrx_word' id='word_1_365' title='bbox 1420 4380 1450 4429; x_wconf 79' lang='lat' dir='ltr'><strong>ii.</strong></span> 
     </span>
     <span class='ocr_line' id='line_1_41' title="bbox 128 4442 1453 4512; baseline 0.003 -16"><span class='ocrx_word' id='word_1_366' title='bbox 128 4442 281 4509; x_wconf 74' lang='lat' dir='ltr'><strong>(correxere</strong></span> <span class='ocrx_word' id='word_1_367' title='bbox 302 4445 331 4494; x_wconf 90' lang='lat' dir='ltr'><strong>i..</strong></span> <span class='ocrx_word' id='word_1_368' title='bbox 347 4450 373 4494; x_wconf 89' lang='lat' dir='ltr'><strong>et</strong></span> <span class='ocrx_word' id='word_1_369' title='bbox 391 4443 465 4509; x_wconf 79' lang='lat' dir='ltr'><strong>Seli.)</strong></span> <span class='ocrx_word' id='word_1_370' title='bbox 486 4470 515 4481; x_wconf 96' lang='lat'><em>-</em></span> <span class='ocrx_word' id='word_1_371' title='bbox 538 4448 565 4496; x_wconf 89' lang='lat'><strong>5.</strong></span> <span class='ocrx_word' id='word_1_372' title='bbox 585 4460 670 4496; x_wconf 89' lang='lat' dir='ltr'><strong>meum</strong></span> <span class='ocrx_word' id='word_1_373' title='bbox 688 4448 764 4497; x_wconf 80' lang='lat' dir='ltr'><strong>hodie</strong></span> <span class='ocrx_word' id='word_1_374' title='bbox 781 4448 881 4498; x_wconf 73' lang='lat' dir='ltr'><strong>PABT.</strong></span> <span class='ocrx_word' id='word_1_375' title='bbox 907 4473 938 4484; x_wconf 93' lang='lat'><em>-</em></span> <span class='ocrx_word' id='word_1_376' title='bbox 966 4448 992 4497; x_wconf 89' lang='grc'><strong>6.</strong></span> <span class='ocrx_word' id='word_1_377' title='bbox 1013 4450 1149 4511; x_wconf 82' lang='lat' dir='ltr'><strong>casttqabo</strong></span> <span class='ocrx_word' id='word_1_378' title='bbox 1168 4450 1209 4506; x_wconf 84' lang='lat' dir='ltr'><strong>T,</strong></span> <span class='ocrx_word' id='word_1_379' title='bbox 1236 4462 1292 4499; x_wconf 84' lang='lat' dir='ltr'><strong>nou</strong></span> <span class='ocrx_word' id='word_1_380' title='bbox 1315 4450 1453 4512; x_wconf 82' lang='lat' dir='ltr'><strong>castiqubo</strong></span> 
     </span>
     <span class='ocr_line' id='line_1_42' title="bbox 126 4512 1455 4580; baseline 0.003 -14"><span class='ocrx_word' id='word_1_381' title='bbox 126 4515 218 4567; x_wconf 75' lang='lat' dir='ltr'><strong>auru</strong></span> <span class='ocrx_word' id='word_1_382' title='bbox 238 4523 264 4566; x_wconf 87' lang='lat' dir='ltr'><strong>et</strong></span> <span class='ocrx_word' id='word_1_383' title='bbox 281 4527 349 4564; x_wconf 86' lang='lat' dir='ltr'><strong>corr.</strong></span> <span class='ocrx_word' id='word_1_384' title='bbox 367 4515 398 4565; x_wconf 89' lang='grc' dir='ltr'><strong>Τ.</strong></span> <span class='ocrx_word' id='word_1_385' title='bbox 423 4539 451 4550; x_wconf 95' lang='grc'><strong>-</strong></span> <span class='ocrx_word' id='word_1_386' title='bbox 469 4512 530 4579; x_wconf 86' lang='lat' dir='ltr'><strong>pro]</strong></span> <span class='ocrx_word' id='word_1_387' title='bbox 548 4530 598 4578; x_wconf 87' lang='lat' dir='ltr'><strong>per</strong></span> <span class='ocrx_word' id='word_1_388' title='bbox 618 4518 731 4569; x_wconf 84' lang='lat' dir='ltr'><strong>Ernesttt</strong></span> <span class='ocrx_word' id='word_1_389' title='bbox 751 4532 857 4580; x_wconf 84' lang='lat' dir='ltr'><strong>operae.</strong></span> <span class='ocrx_word' id='word_1_390' title='bbox 881 4542 909 4553; x_wconf 96' lang='lat'>-</span> <span class='ocrx_word' id='word_1_391' title='bbox 931 4522 1067 4568; x_wconf 85' lang='lat' dir='ltr'><strong>summissu</strong></span> <span class='ocrx_word' id='word_1_392' title='bbox 1086 4519 1231 4569; x_wconf 72' lang='lat' dir='ltr'><strong>rsuram.</strong></span> <span class='ocrx_word' id='word_1_393' title='bbox 1250 4545 1284 4555; x_wconf 90' lang='lat'>—</span> <span class='ocrx_word' id='word_1_394' title='bbox 1303 4522 1346 4569; x_wconf 90' lang='lat'><strong>10.</strong></span> <span class='ocrx_word' id='word_1_395' title='bbox 1366 4534 1455 4570; x_wconf 52' lang='lat' dir='ltr'><strong>sucos»</strong></span> 
     </span>
     <span class='ocr_line' id='line_1_43' title="bbox 127 4586 1456 4654; baseline 0.004 -18"><span class='ocrx_word' id='word_1_396' title='bbox 127 4589 200 4637; x_wconf 82' lang='lat' dir='ltr'><strong>diam</strong></span> <span class='ocrx_word' id='word_1_397' title='bbox 218 4586 347 4646; x_wconf 72' lang='lat' dir='ltr'><strong>ruunt,</strong></span> <span class='ocrx_word' id='word_1_398' title='bbox 377 4587 524 4636; x_wconf 83' lang='lat' dir='ltr'><strong>secordiam</strong></span> <span class='ocrx_word' id='word_1_399' title='bbox 549 4588 601 4638; x_wconf 81' lang='lat' dir='ltr'><strong>FE.</strong></span> <span class='ocrx_word' id='word_1_400' title='bbox 630 4613 660 4624; x_wconf 92' lang='lat'>-</span> <span class='ocrx_word' id='word_1_401' title='bbox 689 4589 732 4638; x_wconf 76' lang='lat' dir='ltr'><strong>tel.</strong></span> <span class='ocrx_word' id='word_1_402' title='bbox 752 4590 866 4654; x_wconf 85' lang='lat' dir='ltr'><strong>Itemque</strong></span> <span class='ocrx_word' id='word_1_403' title='bbox 885 4588 1011 4638; x_wconf 75' lang='lat' dir='ltr'><strong>parur:</strong></span> <span class='ocrx_word' id='word_1_404' title='bbox 1042 4590 1104 4640; x_wconf 87' lang='lat' dir='ltr'><strong>ttem</strong></span> <span class='ocrx_word' id='word_1_405' title='bbox 1123 4590 1177 4638; x_wconf 83' lang='lat' dir='ltr'><strong>BE.</strong></span> <span class='ocrx_word' id='word_1_406' title='bbox 1202 4613 1234 4628; x_wconf 91' lang='lat'>-</span> <span class='ocrx_word' id='word_1_407' title='bbox 1261 4591 1304 4640; x_wconf 88' lang='grc'><strong>15.</strong></span> <span class='ocrx_word' id='word_1_408' title='bbox 1323 4602 1456 4654; x_wconf 76' lang='lat' dir='ltr'><strong>roseoque</strong></span> 
     </span>
     <span class='ocr_line' id='line_1_44' title="bbox 126 4657 1455 4724; baseline 0.005 -18"><span class='ocrx_word' id='word_1_409' title='bbox 126 4659 228 4706; x_wconf 72' lang='lat' dir='ltr'><strong>tristare</strong></span> <span class='ocrx_word' id='word_1_410' title='bbox 247 4657 323 4719; x_wconf 86' lang='lat' dir='ltr'><strong>qlobo</strong></span> <span class='ocrx_word' id='word_1_411' title='bbox 339 4657 495 4718; x_wconf 84' lang='lat' dir='ltr'><strong>praedicant</strong></span> <span class='ocrx_word' id='word_1_412' title='bbox 512 4657 623 4707; x_wconf 81' lang='lat' dir='ltr'><strong>volubili</strong></span> <span class='ocrx_word' id='word_1_413' title='bbox 638 4658 669 4708; x_wconf 84' lang='lat' dir='ltr'><strong>B.</strong></span> <span class='ocrx_word' id='word_1_414' title='bbox 691 4684 720 4694; x_wconf 93' lang='lat'><em>-</em></span> <span class='ocrx_word' id='word_1_415' title='bbox 742 4660 784 4709; x_wconf 89' lang='grc'><strong>16.</strong></span> <span class='ocrx_word' id='word_1_416' title='bbox 806 4662 875 4724; x_wconf 79' lang='lat' dir='ltr'><strong>Quia</strong></span> <span class='ocrx_word' id='word_1_417' title='bbox 893 4673 945 4722; x_wconf 89' lang='lat' dir='ltr'><strong>quo</strong></span> <span class='ocrx_word' id='word_1_418' title='bbox 966 4659 1047 4709; x_wconf 76' lang='lat' dir='ltr'><strong>AFT:</strong></span> <span class='ocrx_word' id='word_1_419' title='bbox 1066 4661 1124 4708; x_wconf 81' lang='lat' dir='ltr'><strong>iaso</strong></span> <span class='ocrx_word' id='word_1_420' title='bbox 1142 4672 1193 4722; x_wconf 93' lang='lat' dir='ltr'><strong>quo</strong></span> <span class='ocrx_word' id='word_1_421' title='bbox 1213 4660 1243 4710; x_wconf 76' lang='lat' dir='ltr'><strong>a.</strong></span> <span class='ocrx_word' id='word_1_422' title='bbox 1264 4685 1295 4696; x_wconf 90' lang='lat'>-</span> <span class='ocrx_word' id='word_1_423' title='bbox 1315 4675 1344 4711; x_wconf 87' lang='lat' dir='ltr'><strong>eo</strong></span> <span class='ocrx_word' id='word_1_424' title='bbox 1363 4662 1455 4713; x_wconf 87' lang='lat' dir='ltr'><strong>cudsrs</strong></span> 
     </span>
     <span class='ocr_line' id='line_1_45' title="bbox 126 4725 1452 4797; baseline 0.003 -18"><span class='ocrx_word' id='word_1_425' title='bbox 126 4726 255 4779; x_wconf 77' lang='lat' dir='ltr'><strong>I’fflt‘i&#39;s</strong></span> <span class='ocrx_word' id='word_1_426' title='bbox 281 4726 374 4776; x_wconf 86' lang='lat' dir='ltr'><strong>cadere</strong></span> <span class='ocrx_word' id='word_1_427' title='bbox 391 4739 421 4775; x_wconf 88' lang='lat' dir='ltr'><strong>so</strong></span> <span class='ocrx_word' id='word_1_428' title='bbox 441 4727 477 4785; x_wconf 85' lang='lat' dir='ltr'><strong>ii,</strong></span> <span class='ocrx_word' id='word_1_429' title='bbox 496 4729 589 4783; x_wconf 85' lang='lat' dir='ltr'><strong>cadurs</strong></span> <span class='ocrx_word' id='word_1_430' title='bbox 607 4725 670 4790; x_wconf 85' lang='lat' dir='ltr'><strong>(om.</strong></span> <span class='ocrx_word' id='word_1_431' title='bbox 688 4726 728 4788; x_wconf 87' lang='lat' dir='ltr'><strong>so)</strong></span> <span class='ocrx_word' id='word_1_432' title='bbox 748 4730 778 4778; x_wconf 89' lang='lat' dir='ltr'><strong>B.</strong></span> <span class='ocrx_word' id='word_1_433' title='bbox 803 4755 830 4767; x_wconf 91' lang='lat'><em>-</em></span> <span class='ocrx_word' id='word_1_434' title='bbox 851 4731 895 4779; x_wconf 75' lang='lat'><strong>20.</strong></span> <span class='ocrx_word' id='word_1_435' title='bbox 916 4730 1009 4781; x_wconf 83' lang='lat' dir='ltr'><strong>Nouae</strong></span> <span class='ocrx_word' id='word_1_436' title='bbox 1025 4729 1233 4781; x_wconf 78' lang='lat' dir='ltr'><strong>Fortunaton.</strong></span> <span class='ocrx_word' id='word_1_437' title='bbox 1257 4753 1280 4766; x_wconf 91' lang='lat'>-</span> <span class='ocrx_word' id='word_1_438' title='bbox 1305 4740 1402 4797; x_wconf 78' lang='lat' dir='ltr'><strong>neqont</strong></span> <span class='ocrx_word' id='word_1_439' title='bbox 1421 4732 1452 4783; x_wconf 85' lang='grc' dir='ltr'><strong>Ρ.</strong></span> 
     </span>
     <span class='ocr_line' id='line_1_46' title="bbox 127 4799 1452 4863; baseline 0.004 -14"><span class='ocrx_word' id='word_1_440' title='bbox 127 4799 214 4849; x_wconf 80' lang='lat' dir='ltr'><strong>Cetert</strong></span> <span class='ocrx_word' id='word_1_441' title='bbox 233 4800 315 4847; x_wconf 87' lang='lat' dir='ltr'><strong>nostrl</strong></span> <span class='ocrx_word' id='word_1_442' title='bbox 334 4800 530 4847; x_wconf 86' lang='lat' dir='ltr'><strong>eontuncttrurn</strong></span> <span class='ocrx_word' id='word_1_443' title='bbox 550 4801 674 4849; x_wconf 83' lang='lat' dir='ltr'><strong>retineat.</strong></span> <span class='ocrx_word' id='word_1_444' title='bbox 690 4825 718 4834; x_wconf 89' lang='lat'>-</span> <span class='ocrx_word' id='word_1_445' title='bbox 739 4800 783 4850; x_wconf 75' lang='lat' dir='ltr'><strong>ib.</strong></span> <span class='ocrx_word' id='word_1_446' title='bbox 803 4802 860 4863; x_wconf 83' lang='lat' dir='ltr'><strong>peri</strong></span> <span class='ocrx_word' id='word_1_447' title='bbox 871 4799 993 4849; x_wconf 67' lang='lat' dir='ltr'><strong>utura.</strong></span> <span class='ocrx_word' id='word_1_448' title='bbox 1010 4825 1039 4836; x_wconf 93' lang='lat'><em>-</em></span> <span class='ocrx_word' id='word_1_449' title='bbox 1059 4800 1103 4849; x_wconf 74' lang='lat'><strong>2⁵1.</strong></span> <span class='ocrx_word' id='word_1_450' title='bbox 1123 4799 1209 4862; x_wconf 71' lang='lat' dir='ltr'><strong>suetus</strong></span> <span class='ocrx_word' id='word_1_451' title='bbox 1227 4807 1291 4851; x_wconf 85' lang='lat' dir='ltr'><strong>esset</strong></span> <span class='ocrx_word' id='word_1_452' title='bbox 1303 4801 1452 4854; x_wconf 72' lang='lat' dir='ltr'><strong>euasura</strong></span> 
     </span>
     <span class='ocr_line' id='line_1_47' title="bbox 125 4867 1454 4942; baseline 0.004 -23"><span class='ocrx_word' id='word_1_453' title='bbox 125 4869 198 4934; x_wconf 76' lang='lat' dir='ltr'><strong>peret</strong></span> <span class='ocrx_word' id='word_1_454' title='bbox 217 4880 278 4918; x_wconf 88' lang='lat' dir='ltr'><strong>cum</strong></span> <span class='ocrx_word' id='word_1_455' title='bbox 298 4869 383 4919; x_wconf 80' lang='lat' dir='ltr'><strong>tribus</strong></span> <span class='ocrx_word' id='word_1_456' title='bbox 405 4867 588 4929; x_wconf 85' lang='lat' dir='ltr'><strong>Oudendorptt</strong></span> <span class='ocrx_word' id='word_1_457' title='bbox 608 4869 640 4920; x_wconf 84' lang='grc'><strong>11.</strong></span> <span class='ocrx_word' id='word_1_458' title='bbox 678 4871 713 4920; x_wconf 74' lang='lat' dir='ltr'><strong>At</strong></span> <span class='ocrx_word' id='word_1_459' title='bbox 730 4871 795 4921; x_wconf 84' lang='lat' dir='ltr'><strong>tttua</strong></span> <span class='ocrx_word' id='word_1_460' title='bbox 815 4874 969 4922; x_wconf 81' lang='lat' dir='ltr'><strong>coactantur</strong></span> <span class='ocrx_word' id='word_1_461' title='bbox 982 4870 1013 4920; x_wconf 86' lang='lat' dir='ltr'><strong>sd</strong></span> <span class='ocrx_word' id='word_1_462' title='bbox 1027 4868 1204 4924; x_wconf 76' lang='lat' dir='ltr'><strong>Pscurtsnour</strong></span> <span class='ocrx_word' id='word_1_463' title='bbox 1216 4871 1349 4926; x_wconf 70' lang='lat' dir='ltr'><strong>mentitam</strong></span> <span class='ocrx_word' id='word_1_464' title='bbox 1364 4875 1454 4942; x_wconf 73' lang='lat' dir='ltr'><strong>[actus</strong></span> 
     </span>
     <span class='ocr_line' id='line_1_48' title="bbox 127 4937 1451 5005; baseline 0.002 -16"><span class='ocrx_word' id='word_1_465' title='bbox 127 4944 173 4990; x_wconf 82' lang='lat' dir='ltr'><strong>est.</strong></span> <span class='ocrx_word' id='word_1_466' title='bbox 192 4963 222 4975; x_wconf 96' lang='lat'>-</span> <span class='ocrx_word' id='word_1_467' title='bbox 243 4939 287 4990; x_wconf 82' lang='lat' dir='ltr'><strong>ao.</strong></span> <span class='ocrx_word' id='word_1_468' title='bbox 306 4941 336 4990; x_wconf 85' lang='lat' dir='ltr'><strong>in</strong></span> <span class='ocrx_word' id='word_1_469' title='bbox 353 4937 503 4989; x_wconf 77' lang='lat' dir='ltr'><strong>huiusmodi</strong></span> <span class='ocrx_word' id='word_1_470' title='bbox 520 4939 624 4990; x_wconf 75' lang='lat' dir='ltr'><strong>I’ABF:</strong></span> <span class='ocrx_word' id='word_1_471' title='bbox 644 4940 795 4992; x_wconf 85' lang='lat' dir='ltr'><strong>huiusmodi</strong></span> <span class='ocrx_word' id='word_1_472' title='bbox 811 4941 840 4992; x_wconf 89' lang='lat' dir='ltr'><strong>in</strong></span> <span class='ocrx_word' id='word_1_473' title='bbox 860 4940 890 4991; x_wconf 80' lang='grc'><strong>11.</strong></span> <span class='ocrx_word' id='word_1_474' title='bbox 911 4937 973 5005; x_wconf 84' lang='lat' dir='ltr'><strong>(otu.</strong></span> <span class='ocrx_word' id='word_1_475' title='bbox 986 4943 1016 4991; x_wconf 84' lang='lat' dir='ltr'><strong>tn</strong></span> <span class='ocrx_word' id='word_1_476' title='bbox 1034 4940 1081 4999; x_wconf 81' lang='lat' dir='ltr'><strong>I.)</strong></span> <span class='ocrx_word' id='word_1_477' title='bbox 1447 4938 1451 4943; x_wconf 85' lang='lat'>&#39;</span> 
     </span>
    </p>
   </div>
   <div class='ocr_carea' id='block_1_10' title="bbox 0 0 1620 5392">
    <p class='ocr_par' dir='ltr' id='par_1_16' title="bbox 0 0 1620 5392">
     <span class='ocr_line' id='line_1_49' title="bbox 0 0 1620 5392; baseline 0 0"><span class='ocrx_word' id='word_1_478' title='bbox 0 0 1620 5392; x_wconf 95' lang='lat' dir='ltr'><strong> </strong></span> 
     </span>
    </p>
   </div>
  </div>
 </body>
</html>
