3232 5392
561 222 637 287 ΠΒ.
659 222 712 289 IV.
756 223 791 287 C.
813 222 867 287 ta.
890 223 943 288 dd.
968 223 1020 288 bb.
1410 222 1452 285 79

125 384 230 454 verbi,
253 378 304 444 cui
327 381 521 443 conclusioni
543 401 658 445 nomeu
679 378 750 464 est]
806 384 889 464 Ergo
912 381 1094 446 huiusmodi
1117 380 1322 444 vehementer
1343 389 1453 445 oruata

125 476 242 562 poterit
263 495 333 538 esse
356 473 523 560 expolitio,
548 495 627 560 quae
650 477 806 538 constabit
827 499 868 540 ex
889 474 1106 562 frequentibus
1127 471 1298 539 verborum
1321 493 1454 539 exorna·

127 568 265 633 tionibus
288 577 321 633 et
342 569 580 633 sententiarum.
625 570 694 632 Hoc
716 574 812 634 modo
835 573 931 655 igitur
951 579 1072 657 septem
1095 565 1235 654 partibus
1257 569 1450 632 tractabitur.

127 661 189 727 Sed
218 665 258 727 ab
292 664 435 726 ciusdem
465 665 636 726 sententiae
669 684 732 728 uon
760 664 944 730 recedemus
974 665 1136 749 exemplo,
1174 671 1209 726 ut
1236 664 1317 726 scire
1339 663 1452 746 possis,

127 778 221 844 quam
242 755 333 821 tacite
355 759 576 842 praeceptione
605 761 762 823 rhetorica
788 781 840 823 res
862 759 995 844 simplex
1017 757 1180 844 multiplici
1202 758 1322 820 ratione
1344 764 1456 820 tracte-
1480 773 1492 813 ⁵

126 861 199 918 tur:
235 855 288 915 57.
321 854 451 937 Sapiens
472 851 594 916 nullum
616 874 674 935 pro
697 875 732 917 re
756 855 881 937 publica
903 853 1077 936 periculum
1100 854 1226 924 vitabit,
1264 850 1335 917 idco
1368 853 1453 938 quod

127 969 221 1034 saepe
242 947 296 1022 fit,
330 957 382 1021 ut,
416 967 487 1010 cum
510 968 569 1029 pro
592 970 626 1011 re
648 946 771 1033 publica
793 950 897 1033 perire
919 949 1077 1022 uoluerit,
1114 948 1292 1012 necessario
1316 969 1388 1012 cum
1418 966 1455 1010 re

128 1045 253 1128 publica
275 1049 394 1128 pereat.
440 1045 479 1104 Et
511 1043 660 1127 quoniam
693 1045 798 1108 omnia
830 1052 904 1108 suut
937 1040 1102 1106 commoda
1135 1063 1153 1106 a
1182 1043 1281 1126 patria
1313 1051 1454 1125 accepta,

128 1140 248 1201 nullum
271 1139 507 1201 incommodum
531 1157 589 1218 pro
614 1139 713 1221 patria
735 1159 830 1221 grave
852 1139 1024 1223 putandum
1047 1145 1105 1200 est.
1151 1140 1235 1219 Ergo
1257 1137 1311 1221 qui
1333 1135 1458 1220 lugiunt

128 1230 160 1296 id
183 1232 372 1317 periculum,
396 1233 481 1317 quod
503 1251 560 1316 pro
584 1254 618 1295 re
640 1231 764 1316 publica
786 1234 986 1297 subeundum
1001 1238 1070 1304 est,
1095 1233 1187 1295 stulte
1202 1232 1332 1295 faciunt.
1377 1233 1494 1293 Nemo

129 1349 231 1413 neque
254 1326 394 1411 ellugere
416 1324 614 1391 incommoda
636 1336 768 1411 possunt
794 1337 825 1390 et
853 1328 967 1410 ingrati
995 1328 1029 1389 in
1056 1327 1211 1389 civitatem
1243 1326 1454 1407 reperiuntur.

129 1429 187 1494 at,
223 1420 278 1506 qui
305 1423 424 1505 patriae
453 1421 593 1502 pericula
621 1441 679 1484 suo
713 1422 855 1502 periculo
886 1428 1051 1505 expetunt,
1086 1418 1117 1482 bi
1148 1420 1305 1503 sapientes
1327 1421 1457 1502 putandi

130 1525 222 1588 sunt,
245 1536 316 1578 cum
339 1525 480 1587 etcum,
508 1536 600 1601 quem
623 1514 753 1586 debent,
777 1518 931 1580 bonorem
954 1517 999 1578 rei
1021 1514 1166 1596 publicae
1188 1516 1324 1578 reddunt
1345 1525 1377 1579 et
1398 1535 1457 1600 pro

130 1612 236 1674 multis
259 1609 363 1694 perire
386 1609 504 1673 malunt
526 1629 619 1693 quam
643 1630 713 1673 cum
730 1610 847 1676 multis.
891 1613 1017 1675 Etenim
1032 1611 1237 1673 vehementer
1253 1618 1302 1673 cst
1315 1607 1457 1693 iniquum

130 1708 245 1780 vitam,
280 1725 372 1789 quam
403 1726 422 1768 a
449 1711 560 1767 natura
587 1715 747 1788 acceptam
770 1714 900 1790 propter
922 1707 1056 1789 patriam
1078 1705 1293 1776 conservaris,
1315 1714 1457 1778 naturae,
1468 1716 1495 1756 1⁵

131 1822 201 1867 cum
224 1808 331 1883 cogat,
368 1799 516 1870 reddere,
551 1799 690 1881 patriae,
726 1820 797 1864 cum
821 1809 932 1883 roget,
956 1820 1020 1863 nou
1048 1801 1142 1874 dare;
1178 1808 1226 1872 et,
1256 1817 1327 1862 cum
1358 1799 1460 1883 possis

132 1915 201 1959 oum
224 1913 345 1956 summa
368 1892 482 1955 virtute
506 1897 537 1953 et
558 1895 678 1955 bonore
699 1913 758 1977 pro
780 1897 881 1978 patria
901 1896 1045 1966 interire,
1075 1895 1167 1956 malle
1191 1912 1247 1976 per
1269 1889 1406 1955 dedecus
1428 1898 1461 1954 et

132 1989 288 2071 ignaviam
309 1988 440 2061 vivere;
465 1991 510 2056 et,
534 2005 604 2048 cum
627 2006 685 2066 pro
708 1989 814 2053 amieis
837 1999 869 2053 et
890 1991 1070 2074 parentibus
1093 1997 1125 2052 et
1146 1988 1259 2051 ceteris
1275 1986 1459 2050 necessariis

132 2085 219 2146 adire
242 2079 416 2166 periculum
439 2080 536 2152 velis,
566 2099 623 2163 pro
648 2085 851 2168 republica,
887 2086 918 2148 iu
941 2105 1001 2170 qua
1024 2091 1055 2146 et
1076 2085 1156 2146 baec
1178 2090 1209 2145 et
1231 2076 1309 2145 illud
1331 2081 1460 2143 sanctis·

133 2179 244 2240 simum
276 2194 391 2239 nomen
416 2176 536 2258 patriae
565 2176 776 2249 continentur,
813 2179 900 2241 nolle
930 2179 963 2241 in
993 2178 1162 2241 discrimen
1190 2176 1308 2239 venire.
1352 2176 1498 2260 Itaque²⁰

133 2273 177 2335 uti
199 2265 448 2335 contemnendus
470 2278 537 2340 est,
559 2269 613 2353 qui
635 2271 667 2333 in
690 2272 814 2352 navigio
837 2292 871 2334 se
893 2293 986 2357 quam
1001 2272 1104 2334 navim
1120 2268 1237 2333 mavult
1259 2270 1460 2342 incolumem,

134 2365 174 2430 ita
195 2365 437 2449 vituperandus,
472 2365 526 2448 qui
555 2364 588 2425 in
615 2365 661 2427 rei
689 2365 830 2447 publicae
858 2364 1039 2429 discrimine
1066 2383 1141 2427 suae
1164 2363 1234 2447 plus
1257 2383 1350 2448 quam
1373 2383 1460 2426 com·

135 2461 220 2522 muni
242 2458 333 2522 saluti
356 2457 502 2519 consulit.
548 2458 624 2519 Navi
648 2458 730 2519 euim
753 2456 870 2533 lracta,
894 2459 983 2523 multi
1005 2457 1180 2522 incolumes
1203 2464 1385 2531 evaserunt:
1420 2479 1461 2521 ex

135 2551 295 2635 naufragio
318 2550 436 2634 patriae
459 2551 564 2612 salvus
587 2570 679 2611 nemo
703 2560 807 2632 potest
828 2563 965 2617 enatare.
1017 2554 1110 2628 Quod
1133 2550 1209 2614 mibi
1232 2553 1313 2614 bene
1336 2550 1461 2615 videtur

135 2647 246 2710 Decius
269 2644 478 2714 intellexisse,
509 2643 619 2724 quise
642 2645 805 2708 devovisse
827 2645 941 2710 dicitur
964 2654 994 2710 et
1015 2666 1073 2730 pro
1097 2645 1275 2727 legionibus
1297 2646 1329 2707 in
1351 2646 1497 2709 bostesss

136 2739 300 2803 immisisse
325 2737 465 2813 medios;
489 2739 573 2800 unde
596 2736 699 2800 amisit
721 2739 835 2815 vitam,
860 2749 891 2805 at
912 2763 976 2805 nou
1000 2739 1149 2823 perdidit.
1195 2743 1240 2803 lle
1263 2739 1348 2803 euim
1371 2739 1459 2803 vilis·

136 2836 211 2898 sima
234 2852 338 2896 caram
361 2840 393 2896 et
414 2851 509 2917 parva
531 2830 698 2896 maximam
721 2834 864 2899 redemit.
910 2834 1004 2900 Dedit
1025 2835 1141 2909 vitam,
1166 2834 1288 2916 accepit
1310 2835 1459 2917 patriam;

136 2927 239 2994 amisit
252 2930 400 3001 animam,
424 2929 543 3009 potitus
566 2934 612 2991 est
635 2929 757 3010 gloria,
780 2949 861 3013 quae
885 2950 957 2994 cum
980 2949 1103 2993 summa
1125 2930 1217 2992 laude
1233 2929 1358 3008 prodita
1374 2935 1461 2992 vetu-

136 3033 214 3088 state
236 3022 377 3108 quotidie
401 3024 500 3106 magis
522 3024 675 3086 enitescit.
736 3022 857 3099 Quodsi
885 3043 943 3106 pro
967 3045 1001 3087 re
1024 3023 1151 3106 publica
1173 3025 1287 3086 decere
1310 3024 1462 3086 accedere

135 3121 175 3182 ad
195 3118 370 3203 periculum
394 3124 426 3182 et
446 3119 567 3181 ratione
590 3119 835 3181 demonstratum
859 3125 907 3181 est
928 3127 960 3182 et
982 3120 1129 3200 exemplo
1153 3119 1408 3202 comprobatum,
1439 3117 1516 3179 iiso·

138 3212 292 3297 sapientes
325 3221 398 3276 suut
426 3211 647 3285 existimandi,
682 3213 736 3295 qui
765 3214 887 3276 nullum
919 3234 977 3296 pro
1008 3216 1106 3277 salute
1138 3213 1256 3295 patriae
1285 3212 1462 3293 periculum

137 3305 244 3371 ritant.
289 3307 341 3369 58.
367 3308 402 3370 lu
425 3305 472 3369 bis
495 3306 589 3389 igitur
611 3305 779 3388 generibus
803 3307 953 3391 expolitio
977 3316 1136 3382 uersatur,
1171 3308 1210 3370 de
1234 3326 1295 3392 qua
1318 3308 1463 3390 producti

139 3421 266 3475 sumus,
301 3407 336 3462 ut
357 3401 447 3482 plura
470 3398 669 3473 diceremus,
703 3404 788 3486 quod
809 3422 875 3465 non
905 3405 1021 3479 modo,
1059 3424 1130 3467 cum
1160 3420 1286 3465 causam
1316 3401 1461 3479 dicimus,

137 3493 263 3558 adiuvat
284 3503 317 3558 et
338 3501 470 3558 exornat
500 3495 698 3568 orationem,
734 3497 790 3558 sed
820 3498 918 3560 multo
943 3496 1080 3562 maxime
1102 3516 1160 3582 per
1183 3514 1252 3560 eam
1275 3515 1465 3562 exercemur

138 3590 177 3652 ad
200 3588 388 3653 elocutionis
410 3590 600 3654 facultatem.
647 3589 751 3665 Quare
775 3593 943 3655 conveniet
966 3600 1054 3655 extra
1077 3609 1202 3654 eausam
1226 3588 1259 3653 iu
1283 3593 1501 3657 exercendem

139 3681 275 3746 rationes
297 3685 449 3748 adbibere
472 3684 695 3769 expolitionis,
720 3684 752 3747 iu
776 3683 910 3749 dicendo
933 3685 999 3758 uti,
1029 3707 1101 3751 curu
1123 3683 1350 3748 exornabimus
1372 3706 1465 3770 argu·

141 3778 385 3852 mentatiouem,
410 3781 532 3864 quade
556 3800 590 3842 re
614 3777 750 3842 diximus
773 3780 805 3841 in
828 3781 910 3843 libro
934 3782 1086 3844 secundo.

221 3874 315 3936 XLV.
355 3875 567 3939 commoratio
601 3880 670 3948 est,
706 3894 776 3937 eum
804 3872 835 3936 in
864 3876 935 3937 loco
958 3873 1158 3953 firmissimo,
1198 3901 1261 3966 quo
1285 3884 1349 3941 tota
1372 3893 1464 3940 causa

141 3968 338 4041 continetur,
363 3976 507 4032 mouetur
529 3969 645 4031 diutius
668 3975 699 4032 et
721 3969 834 4032 eodem
856 3967 981 4051 saepius
1005 3973 1133 4039 reditur.
1176 3975 1243 4039 Hae
1258 3973 1305 4040 uti
1325 3972 1463 4036 maxime

142 4061 288 4126 convenit
320 4068 352 4126 et
378 4064 409 4126 id
438 4071 486 4127 est
514 4061 648 4127 oratoris
677 4064 753 4126 boui
784 4063 921 4128 maxime
950 4068 1127 4149 proprium.
1172 4072 1243 4133 Nou
1268 4072 1351 4132 enlm
1373 4068 1503 4129 daturae

209 4245 236 4296 4.
255 4242 316 4308 Sed]
336 4251 360 4296 et
378 4246 477 4297 Pars.
501 4270 528 4281 -
549 4246 700 4296 recedemus
718 4245 863 4296 usurus.
883 4271 916 4282 -
946 4247 973 4297 ’1.
993 4264 1069 4313 coepe
1088 4267 1144 4302 cum
1161 4251 1218 4312 PF,
1248 4253 1388 4316 saepeque·
1406 4265 1465 4301 cum

142 4313 173 4365 Τ.
195 4339 226 4352 ·-
255 4314 411 4380 necessario]
431 4330 529 4367 neccaro
546 4320 597 4367 crit
615 4317 705 4366 PFRT
724 4325 750 4367 ot
769 4332 807 4379 pr.
829 4319 862 4366 Α.
895 4318 984 4380 (Haud
1010 4325 1099 4383 tuopte
1123 4327 1201 4385 luitur
1221 4326 1259 4375 stc
1283 4324 1461 4373 scriberetur:

142 4387 211 4450 quod
222 4401 307 4448 saepo,
326 4390 371 4452 qut
388 4402 438 4451 pro
456 4402 484 4437 rc
501 4403 529 4450 p.
541 4389 631 4449 perire
648 4388 779 4447 uoluerit,
798 4401 897 4438 neccsse
915 4394 965 4439 crit
984 4405 1043 4440 cum
1063 4401 1113 4443 cet.
1131 4390 1194 4452 Oa.)
1207 4418 1237 4429 -
1258 4395 1284 4444 8.
1299 4395 1389 4444 omnio
1402 4398 1465 4443 aaut

142 4455 292 4508 bauran:
312 4466 373 4508 ruat
393 4461 482 4508 omniu
501 4459 531 4507 E.
552 4482 584 4493 -
612 4461 655 4509 15.
675 4462 839 4510 conservaris
856 4459 967 4511 Perua
987 4472 1013 4512 ct
1031 4477 1098 4512 corr.
1118 4465 1156 4512 A:
1185 4466 1378 4514 conservaveris
1398 4464 1418 4514 Β
1438 4469 1465 4516 ct

144 4541 182 4590 pr.
202 4530 235 4577 Α.
259 4550 286 4562 -·
308 4530 351 4578 21.
372 4531 482 4593 accipio
500 4528 610 4578 Purus
630 4536 656 4579 et
674 4535 753 4580 cctcrt
774 4532 909 4581 mettorcsr
929 4535 1083 4597 nauipondo
1101 4533 1122 4582 ll
1140 4539 1181 4590 et,
1203 4542 1231 4582 ut
1250 4535 1373 4596 viderur,
1388 4535 1418 4585 u.
1432 4559 1463 4572 -

142 4599 185 4648 22.
204 4599 399 4660 ottraperoodur
418 4607 457 4649 est
475 4600 528 4649 aa.
551 4626 579 4636 -
611 4598 653 4648 23.
675 4601 743 4650 Nuot
761 4600 912 4651 Parus:
941 4603 1013 4652 Nous
1031 4604 1061 4652 E.
1089 4627 1119 4638 -
1151 4602 1194 4653 26.
1215 4606 1283 4656 unm
1302 4618 1355 4655 om.
1376 4605 1465 4656 arua

144 4676 169 4719 et
188 4682 228 4732 pr.
248 4673 281 4720 Α.
312 4694 343 4707 -
374 4671 417 4720 st.
446 4685 537 4721 carum
561 4669 626 4720 Cod.
647 4669 676 4718 u.
699 4670 894 4722 Lindemauot:
925 4680 1022 4723 cutum
1043 4673 1084 4722 ult
1104 4679 1129 4723 ct
1147 4685 1214 4724 corr.
1235 4679 1265 4727 Α.
1286 4675 1391 4726 sareu.
1412 4691 1464 4728 om.

143 4740 230 4791 PFRT
250 4750 277 4790 et
297 4754 337 4804 pr.
349 4741 382 4791 Α.
404 4767 434 4778 -
453 4743 497 4792 28.
519 4742 633 4805 ptoriom
651 4741 728 4790 usu.
743 4767 776 4776 -
795 4742 838 4792 22.
857 4745 945 4793 decere
963 4744 1000 4800 B,
1021 4757 1058 4803 pr.
1075 4743 1104 4798 P.
1123 4757 1190 4795 corr.
1211 4746 1249 4796 lt:
1270 4746 1360 4797 debere
1375 4747 1464 4797 aaut

144 4811 306 4936 tltcmbprhll
320 4819 347 4867 ct
364 4826 432 4865 corr·
450 4814 481 4868 P.
497 4838 525 4851 -
548 4811 590 4863 ³⁷.
610 4825 663 4877 qua
680 4813 711 4865 do
729 4825 757 4864 ro
775 4812 837 4863 aa:
856 4814 887 4865 do
905 4826 959 4879 quo
975 4813 1124 4873 rorabit,
1145 4814 1178 4866 do
1197 4830 1249 4882 quo
1268 4818 1331 4884 (om.
1345 4819 1385 4882 ro)
1405 4830 1465 4869 curn

166 4896 206 4934 am
228 4917 234 4934 .
281 4919 288 4935 .
