3232 5392
611 281 614 287 .
643 219 720 287 LIB.
741 220 781 286 Π.
825 221 859 288 6.
879 222 931 288 66.
1386 220 1449 290 266

128 387 212 453 enim
228 383 316 449 aiunt
330 382 481 457 Ennium,
505 377 696 447 flammam
713 402 731 447 a
746 383 926 467 sapiente
947 383 1110 450 facilins
1132 400 1199 449 orc
1221 380 1259 448 in
1282 384 1449 449 ardente

126 478 313 566 opprimi,
335 496 445 562 quam
467 478 566 541 bona
588 478 696 542 dicta
717 485 872 555 tennat3
896 481 972 543 baec
996 478 1115 544 scilicet
1137 475 1221 543 bona
1244 479 1339 550 dicta,
1365 497 1446 563 quac

129 574 210 645 aulea
223 570 305 650 sint;
327 589 401 637 num
425 590 463 635 cu
486 572 602 636 dicta
627 568 822 657 appellantur
840 572 972 658 proprio
986 575 1048 637 iam
1063 571 1203 638 nomine.
1248 573 1312 638 LV.
1339 573 1401 636 Sed
1414 578 1450 636 ut

128 673 161 736 in
176 665 326 734 Smcvola
346 667 499 731 continuit
519 684 557 730 eu
568 667 695 732 Crassus
719 674 813 751 atque
836 668 868 730 in
889 665 943 731 illo
966 666 1063 732 altero
1082 687 1211 751 genere,
1234 669 1266 732 in
1287 685 1351 752 quo
1371 665 1449 731 nulli

126 764 228 831 eculei
247 761 507 827 contumeliarum
528 761 663 834 inerant,
697 779 821 826 causam
847 758 932 826 illam
953 758 1258 848 disputationemque
1279 760 1369 838 lusit,
1404 762 1473 826 sict

126 861 159 926 in
180 862 298 930 Bruto,
319 873 414 941 mem
436 855 547 920 oderat
569 861 601 919 et
622 873 716 941 quem
739 857 870 940 dignum
893 855 1080 922 contumelia
1102 855 1276 934 iudicabat,
1311 865 1449 943 utroque

127 972 243 1041 genere
262 949 424 1037 pugnavit.
469 951 546 1013 223.
567 950 669 1026 Quam
693 949 789 1015 multa
814 947 853 1014 dc
876 948 1014 1024 balneis,
1037 970 1114 1037 quas
1136 970 1239 1037 nuper
1261 949 1314 1016 illc
1339 952 1451 1016 rendi-

127 1051 235 1122 derat,
259 1063 353 1130 quam
374 1043 470 1107 multa
493 1044 533 1106 dc
554 1043 669 1108 amisso
690 1042 881 1128 patrimonio
903 1042 1001 1109 dixit
1034 1051 1128 1129 atque
1150 1044 1203 1110 illu
1223 1044 1351 1123 breria3
1376 1064 1448 1110 cum

127 1143 182 1210 ilie
215 1141 349 1211 diceret,
385 1157 427 1202 se
462 1135 547 1201 sinc
584 1156 701 1202 causa
734 1139 898 1204 sudare:
936 1137 1097 1203 Minime
1132 1140 1288 1214 mirum,
1329 1136 1447 1224 inquit,

130 1238 243 1302 modo
278 1233 378 1298 enim
411 1229 537 1297 existi
571 1233 617 1295 de
648 1231 818 1297 balneis.
868 1231 1111 1297 Innumerabilia
1139 1231 1356 1298 huiuscemodi
1382 1230 1488 1296 baem

128 1339 218 1406 runt,
255 1330 312 1393 sed
341 1346 406 1390 non
434 1326 537 1390 minus
565 1326 700 1391 incunda
731 1326 785 1392 illa
812 1335 975 1414 perpetua.
1021 1327 1098 1391 Cum
1126 1329 1210 1391 enim
1232 1330 1348 1393 Brutus
1369 1324 1450 1392 dnos

126 1427 261 1494 lectores
294 1422 459 1487 excitasset
491 1427 521 1484 et
554 1422 645 1484 alteri
678 1423 718 1487 de
750 1420 873 1487 colonia
904 1417 1101 1485 Narbonensi
1135 1422 1237 1488 Crassi
1271 1420 1450 1487 orationem

126 1517 292 1606 legendam
320 1514 478 1590 dedisset,
515 1515 605 1579 altari
627 1515 757 1600 delego
779 1514 930 1592 Servilia,
954 1523 985 1592 et
1007 1537 1078 1580 cnm
1100 1515 1257 1581 contraria
1278 1517 1358 1581 inter
1379 1536 1450 1582 sese

126 1619 167 1682 de
187 1636 223 1681 re
243 1609 366 1699 publica
388 1609 489 1694 capita
511 1610 710 1686 contulisset,
745 1620 852 1676 noster
873 1612 925 1675 hic
944 1609 1132 1676 facetissime
1149 1619 1214 1675 tres
1238 1612 1335 1696 patris
1359 1612 1448 1676 Bruti

126 1712 167 1775 de
179 1710 249 1773 inre
263 1704 349 1770 civili
361 1703 486 1769 libellos
501 1704 600 1768 tribus
614 1703 764 1788 legendos
780 1706 876 1771 dedit
920 1707 992 1771 224.
1013 1708 1063 1770 Ex
1085 1704 1166 1770 libro
1189 1707 1309 1792 primo:
1338 1719 1486 1773 nonrnss

125 1819 267 1877 erema,
291 1818 335 1866 rr
357 1801 610 1864 minuamur
632 1816 791 1865 nssnuvs.
833 1802 970 1876 Brute,
1000 1798 1251 1865 testificatur
1274 1807 1386 1884 pater
1406 1821 1448 1866 se

126 1895 205 1964 tibi
225 1895 505 1960 Privernatem
526 1889 689 1958 fundum
711 1893 949 1981 reliquisse.
993 1895 1115 1960 Deinde
1131 1916 1170 1959 ex
1185 1894 1268 1960 libro
1284 1898 1444 1961 secundo:

127 2014 161 2060 nr
182 1993 314 2057 Anemo
337 2003 470 2052 annuns
492 2002 557 2052 nco
579 2004 623 2051 aa
643 1990 780 2053 blancus
801 2007 924 2054 rrnrvs.
970 1990 1133 2076 Sapiens
1160 1989 1353 2055 videlicet
1380 1993 1449 2052 bo·

127 2108 187 2152 mo
210 2082 455 2169 cumprimis
476 2088 639 2145 nostrae
662 2081 843 2146 civitatis
864 2083 1103 2150 noratbnnc
1125 2087 1349 2171 gurgitem
1370 2103 1449 2148 me-

126 2183 283 2254 tuebat,
318 2198 384 2253 ne,
421 2176 562 2240 cumis
589 2176 910 2253 nibilbabcret,
948 2177 1051 2243 nihil
1078 2198 1170 2244 esse
1198 2181 1233 2244 ci
1261 2176 1486 2246 relictumsn

125 2281 353 2364 putaretur.
397 2273 476 2335 Tum
498 2291 538 2335 ex
558 2270 640 2336 libro
662 2272 777 2348 tertio,
812 2271 846 2336 in
878 2291 941 2356 quo
969 2270 1062 2337 finem
1090 2271 1249 2339 scribendi
1279 2272 1355 2339 iecit
1385 2280 1448 2348 (tot

127 2370 225 2444 enim,
260 2375 295 2430 ut
315 2362 421 2430 audiri
444 2365 623 2431 Scaevolam
646 2365 771 2441 dicere,
808 2372 881 2429 sunt
908 2365 975 2431 veri
997 2368 1086 2432 Bruti
1107 2366 1217 2446 libri),
1253 2386 1287 2435 tn
1308 2372 1448 2434 Trnvnrr

126 2481 233 2531 nonna
248 2478 425 2528 nssnnnrvs
440 2476 505 2524 sco
522 2461 713 2524 nrMsscvs
735 2477 857 2524 rrnrvs.
902 2460 973 2524 1111
995 2469 1084 2526 sunt
1105 2462 1133 2526 ii
1155 2460 1287 2538 fundi,
1310 2465 1446 2535 Brute,

126 2579 226 2647 quos
258 2553 333 2622 tibi
365 2561 480 2640 pater
511 2553 687 2638 puhlicis
719 2555 1019 2620 commentariis
1055 2558 1316 2641 consignatos
1347 2555 1449 2623 reli·

126 2657 235 2742 qniti
263 2648 462 2730 Quodnisi
484 2637 668 2733 pubere'm
691 2655 748 2724 te,
778 2647 930 2732 inquit,
960 2650 1033 2713 iam
1055 2648 1242 2728 haberet,
1266 2657 1483 2737 quartumas

125 2748 274 2816 librum
305 2741 599 2828 composuisset
628 2751 666 2807 et
693 2761 734 2806 se
761 2743 882 2805 etiam
912 2743 952 2807 in
980 2744 1136 2808 balneis
1157 2747 1336 2810 locutum
1360 2766 1447 2810 cum
1491 2777 1495 2785 ’

126 2843 218 2909 iilic
241 2841 433 2920 scriptum
455 2836 711 2921 reliquisset.
757 2839 830 2901 225.
856 2837 935 2913 Quis
950 2845 998 2901 est
1018 2836 1130 2921 igitur,
1154 2841 1207 2924 qui
1223 2837 1447 2915 noniateatur,

127 2938 186 3004 buc
216 2937 325 3021 lepore
357 2940 450 3017 atque
478 2930 527 2995 bis
556 2928 675 2996 facetiis
702 2952 767 2995 non
789 2929 892 2994 minus
914 2928 1082 2996 refutatum
1106 2952 1175 2997 esse
1197 2935 1329 2997 Brutum
1352 2952 1447 3017 quam

126 3032 188 3100 illis
201 3026 389 3115 tragoediis,
413 3045 490 3111 quas
504 3022 567 3108 egit
581 3025 684 3100 idem,
708 3045 779 3089 cum
798 3045 871 3089 casu
893 3027 926 3089 in
948 3027 1059 3090 eadem
1081 3045 1173 3091 causa
1197 3024 1329 3112 [funere]
1353 3026 1448 3092 elicr-

128 3136 215 3194 retur
236 3145 313 3191 anus
334 3120 432 3187 lunia.
476 3124 535 3185 Pro
557 3122 600 3185 dii
621 3121 830 3195 immortales,
855 3141 935 3204 quac
957 3121 1016 3185 init
1036 3120 1103 3195 illa,
1126 3129 1240 3207 quanta
1261 3124 1327 3186 visi
1352 3140 1484 3208 quanam

129 3221 353 3306 inexspectata!
378 3236 471 3303 quam
493 3215 673 3302 repentina!
702 3237 788 3292 cum,
811 3213 960 3280 coniectis
981 3215 1098 3291 oculis,
1123 3224 1215 3299 gestu
1236 3216 1323 3281 omni
1343 3214 1447 3281 immi·

127 3317 231 3390 nenti,
261 3331 381 3378 summa
403 3311 551 3396 gravitate
573 3319 605 3376 et
625 3310 783 3377 celeritate
804 3307 990 3383 verborum,
1024 3312 1163 3386 Brute,
1193 3309 1287 3395 quid
1308 3312 1446 3376 sedes?

127 3411 217 3496 quid
247 3409 356 3472 illam
386 3426 496 3471 annm
526 3407 635 3491 patri
664 3404 850 3470 nuntiare
878 3405 939 3469 vis
960 3408 1053 3468 tuci
1090 3403 1181 3489 quid
1202 3403 1295 3470 illis
1318 3401 1448 3471 omni·

125 3503 210 3577 bus,
247 3518 406 3589 quornm
439 3501 634 3583 imagines
665 3501 756 3564 duci
788 3499 919 3562 vides'i
955 3496 1047 3584 quid
1080 3495 1308 3564 maioribus
1343 3498 1447 3563 tuis?

127 3598 224 3687 quid
241 3599 276 3663 L.
291 3599 427 3669 Bruto,
451 3591 519 3678 qui
540 3595 643 3658 bunc
663 3593 850 3678 populum
873 3594 1076 3659 dominatu
1097 3595 1209 3677 regio
1231 3590 1484 3659 liberaritiss

127 3690 222 3779 qnid
250 3697 288 3756 te
316 3693 455 3775 ageret
491 3689 554 3752 cui
582 3687 660 3763 rei,
693 3689 753 3752 cui
787 3686 962 3772 gloriae,
998 3689 1061 3753 cui
1089 3686 1230 3754 virtuti
1261 3690 1445 3755 studeret
1540 3686 1543 3697 '

125 3782 427 3852 Patrimonione
449 3779 656 3864 augendo?
678 3784 725 3846 At
746 3783 785 3846 id
806 3801 882 3846 non
905 3790 963 3848 est
982 3781 1231 3849 nobilitatis.
1276 3784 1348 3847 226.
1371 3782 1445 3847 Sed

126 3879 188 3946 iun
218 3898 320 3954 esse,
357 3877 459 3943 nibil
492 3884 691 3962 superest;
728 3873 926 3940 libidines
959 3883 1086 3944 totum
1119 3876 1442 3963 dissipaverunt.

126 3979 181 4041 An
212 3971 295 4038 iuri
326 3970 459 4040 civilia
495 3971 564 4035 Est
594 3976 815 4056 paternum.
861 3971 939 4034 Sed
971 3972 1080 4036 dicet
1112 3979 1171 4048 te,
1208 3991 1295 4039 cum
1324 3972 1444 4037 aedes

126 4070 341 4141 venderes,
378 4089 425 4131 ne
454 4069 494 4131 in
519 4065 623 4130 rutis
651 4067 809 4149 quidem
831 4072 871 4129 et
890 4065 1015 4129 caesis
1036 4066 1178 4131 solium
1205 4065 1280 4132 tibi
1308 4071 1480 4150 pater-n

194 4250 221 4300 1.
241 4249 355 4299 Ennium
372 4260 425 4297 om.
443 4247 521 4299 Voss.
541 4245 616 4297 Leid.
638 4270 666 4282 -
686 4244 714 4296 i.
734 4245 862 4297 sonnacio
878 4245 924 4297 AB
941 4246 1057 4310 altique:
1077 4245 1230 4298 Senenolnm
1248 4246 1305 4296 BB.
1327 4270 1356 4283 -
1382 4258 1444 4295 nnn·

128 4320 206 4372 tieuit
223 4319 303 4370 ABB.
323 4344 355 4355 -
373 4319 403 4368 in
419 4317 466 4369 iiic
484 4316 573 4367 ABBr
592 4315 638 4366 iiic
657 4314 688 4366 B.
705 4337 739 4352 -
766 4317 793 4366 ’1.
812 4317 979 4381 repuqnnbm
997 4317 1029 4367 B.
1049 4337 1082 4353 -
1111 4317 1138 4367 0.
1157 4320 1267 4378 mirum,
1286 4317 1371 4380 inquit
1388 4329 1441 4366 nnn.

126 4392 179 4442 AB.
201 4416 231 4429 -
252 4392 294 4442 10.
314 4390 383 4440 enim
400 4388 479 4439 modo
496 4389 529 4437 A.
550 4413 582 4423 -
610 4386 788 4437 nainseemndi
806 4401 858 4439 om.
878 4388 919 4448 A,
945 4385 1052 4450 tuernnt
1069 4387 1196 4438 eiusmodi
1213 4388 1246 4436 B.
1268 4411 1298 4424 -
1327 4387 1370 4436 11.
1389 4387 1444 4437 duc

126 4463 157 4513 B.
177 4487 212 4497 —
231 4461 272 4512 10.
292 4468 386 4512 contro
403 4461 436 4510 B.
454 4481 481 4492 -
503 4456 546 4507 ti.
567 4459 660 4520 capitu
678 4470 730 4507 nm.
749 4456 805 4507 AB.
827 4481 857 4494 -
876 4458 1048 4508 contulissent
1066 4456 1099 4506 B.
1121 4483 1150 4495 -
1171 4459 1213 4508 20.
1232 4456 1355 4515 iuberet,
1374 4458 1443 4508 nihii

127 4547 179 4585 om.
199 4533 254 4584 AB.
275 4557 306 4571 -
338 4537 401 4583 esset
420 4532 452 4581 A.
476 4555 504 4566 -
536 4527 579 4578 21.
599 4528 752 4592 concinnato
770 4526 803 4577 A.
823 4552 857 4562 -
885 4527 929 4578 26.
949 4528 1064 4579 mantum
1082 4525 1167 4578 codd.
1186 4527 1277 4579 multi:
1297 4526 1382 4578 lccnm
1400 4528 1442 4589 A,

126 4604 209 4655 iotam
226 4603 288 4662 BE,
322 4615 368 4664 pro
387 4602 505 4653 moribus
523 4601 646 4651 Romanis
672 4610 736 4650 sune
761 4610 852 4660 parum
881 4599 985 4651 decore.
1011 4622 1042 4635 -
1073 4598 1117 4648 20.
1139 4601 1265 4662 qnoniam
1283 4611 1340 4647 cnm
1358 4600 1389 4649 B.
1409 4621 1443 4636 -

127 4673 216 4738 funere
233 4687 284 4724 om.
306 4673 369 4730 AB,
401 4687 461 4723 cnm
477 4671 567 4734 funere
585 4671 618 4720 B·
638 4667 690 4719 Non
708 4669 873 4721 seclusimus.
896 4694 925 4704 -
955 4666 1067 4731 ferratur
1085 4668 1115 4718 B.
1145 4695 1177 4706 -
1205 4669 1249 4720 31.
1268 4668 1340 4718 iactis
1358 4669 1389 4720 B.
1412 4692 1441 4705 -

127 4745 199 4795 omni
214 4741 372 4808 imminenti]
392 4745 463 4794 omni
480 4749 504 4794 et
520 4742 666 4792 imminenti
681 4738 745 4799 AB,
765 4743 835 4791 omni
853 4747 877 4792 et
894 4739 969 4790 min
987 4742 1054 4794 tsine
1072 4752 1097 4791 r.
1116 4737 1270 4800 imminenti)
1288 4738 1320 4789 B.
1339 4763 1371 4774 -
1395 4737 1442 4792 66.

128 4828 204 4880 uqem
221 4814 286 4874 AB,
306 4814 357 4864 Gn.
377 4813 403 4864 0.
424 4813 491 4865 cod.
510 4813 577 4877 Bes.
594 4811 694 4862 'lioba
712 4808 798 4873 {nem
816 4824 875 4864 curn
894 4813 987 4862 ceteris
1004 4812 1073 4862 notis
1091 4810 1172 4863 BBT.
1192 4834 1223 4845 -
1242 4809 1287 4862 00.
1306 4810 1365 4863 inre
1380 4809 1438 4874 AB,

127 4885 329 4938 01161111.-
348 4884 392 4937 10.
412 4885 498 4952 nuptis
514 4907 526 4920 ·
541 4908 553 4922 ·
570 4883 634 4937 aeds
653 4884 714 4944 (sici
731 4880 765 4936 B.
786 4907 815 4921 -
835 4883 922 4935 eninm
937 4879 970 4935 11.
