3232 5392
513 243 590 308 ΗΒ.
614 240 641 307 Ι.
686 242 721 309 G·
744 237 796 309 07,
817 233 869 306 38.
890 241 943 307 39.
966 241 1020 307 00.
1352 243 1414 310 115

96 408 191 491 mum
214 409 277 476 esl,
302 423 342 466 ex
363 400 495 466 ulilitate
518 403 564 466 rei
586 403 730 488 publicae
752 400 961 466 considerate.
1008 397 1092 478 Quid
1114 399 1198 464 euim
1220 402 1318 485 magis
1337 405 1415 469 utile

95 500 153 563 luit
174 498 332 562 Thebanis
354 517 447 582 quam
469 499 735 560 Lacedaemonios
758 498 914 582 opprimit
951 497 1007 563 Cui
1036 497 1083 559 rei
1105 497 1204 578 magis
1225 498 1417 578 Epaminon

96 595 187 666 dam,
210 593 434 656 Thebanorum
454 593 693 676 imperatorem,
716 608 810 679 quam
826 592 975 654 victoriae
990 591 1230 661 Thebanorum,
1253 589 1416 656 consulere

96 685 221 752 decuit‘t
251 687 335 762 Quid
357 688 441 748 hunc
462 694 545 748 tanta
567 686 789 749 Thebanomm
812 686 929 766 gloria,
952 693 1015 748 tam
1040 686 1127 748 claro
1148 690 1241 768 atque
1263 693 1415 749 exornato

95 788 242 865 tropaeo,
267 781 370 843 carius
392 787 485 865 atque
508 781 665 865 antiquius
687 780 805 842 habere
829 779 995 842 convenil?
1025 780 1148 863 Scripto
1170 780 1319 842 videlicet
1339 780 1440 864 legiss

95 876 231 948 omisso,
255 873 416 959 scriptoris
437 874 622 938 sententiam
645 873 845 938 considerare
867 869 1012 936 debebat.
1058 876 1097 938 st
1117 874 1179 936 hoc
1201 875 1328 958 quidem
1345 875 1418 938 satie

92 969 329 1032 consideratum
344 976 405 1042 est,
420 966 537 1032 nullam
553 987 623 1032 esse
637 967 739 1050 legem
754 966 815 1031 nisi
829 969 875 1030 rei
890 965 1032 1052 publicae
1046 987 1139 1033 causa
1151 970 1305 1053 scriptam.
1329 970 1419 1032 Sum·

96 1083 178 1127 mam
189 1063 286 1145 igitur
296 1064 462 1126 amentiam
477 1083 547 1126 esse
562 1060 778 1137 existimabat,
791 1064 876 1147 quod
892 1062 1041 1146 scriptum
1057 1070 1141 1127 esset
1154 1061 1200 1126 rei
1213 1063 1355 1147 publicae
1371 1083 1421 1126 sa·

96 1158 169 1220 lutis
183 1177 292 1229 causa,
307 1156 339 1221 id
353 1176 416 1221 non
433 1177 473 1220 ex
488 1157 534 1220 rei
551 1155 693 1241 publicae
708 1157 811 1220 salute
827 1151 1035 1239 interpretari.
1066 1157 1186 1234 Quodsi
1204 1155 1289 1240 leges
1311 1174 1420 1220 omues

96 1252 135 1314 ad
150 1249 314 1314 utilitatem
325 1252 373 1314 rei
388 1248 531 1335 publicae
543 1251 655 1315 reterri
667 1251 827 1324 convenit,
844 1244 894 1312 bic
905 1256 1009 1313 autem
1025 1253 1117 1315 saluti
1132 1254 1179 1316 rei
1190 1251 1336 1338 publicae
1346 1269 1458 1337 pro-ro

96 1341 170 1418 luit,
196 1345 339 1428 prolecto
355 1364 419 1408 non
433 1352 537 1426 potest
553 1347 667 1409 eodem
682 1343 764 1408 iacto
784 1350 816 1408 et
829 1343 1048 1408 communibus
1070 1344 1204 1409 lortunis
1227 1344 1420 1409 consuluisse

97 1447 128 1502 el
142 1439 265 1522 legibue
279 1455 342 1502 noa
357 1440 602 1524 obtemperasse.
647 1436 795 1503 xxxix.
820 1440 872 1501 70.
897 1440 1054 1514 Quattuor
1073 1448 1178 1503 antem
1193 1441 1332 1525 partibus
1346 1459 1422 1505 con·

96 1540 157 1596 stat
175 1535 421 1617 argumentatio,
448 1553 517 1597 cum
534 1543 587 1597 aut
604 1535 809 1620 proponimus
829 1540 884 1597 aut
898 1534 1085 1597 assumimus
1105 1536 1171 1598 siae
1186 1535 1421 1619 approbatione.

98 1627 134 1691 ld
149 1624 253 1691 facere
276 1635 416 1713 oportet,
438 1649 510 1693 cum
529 1637 583 1692 aut
598 1627 773 1713 propositio
787 1636 829 1692 ex
843 1649 877 1691 se
893 1626 1080 1710 intelligitur
1095 1636 1148 1691 eat
1163 1631 1333 1713 assumptio
1348 1648 1420 1714 pen

98 1723 206 1806 spicue
235 1729 283 1785 ast
307 1731 342 1785 et
366 1721 482 1786 nullius
509 1725 742 1809 approbationis
763 1720 894 1806 indiget.
941 1721 1169 1806 propositionis
1191 1725 1459 1807 approbationem

98 1817 283 1902 praeterita,
307 1824 455 1901 quattuor
476 1839 518 1881 ex
540 1816 679 1902 partibus
700 1819 929 1900 argumentatio
951 1824 1101 1880 tractatur
1123 1819 1261 1880 adhunc
1276 1821 1423 1884 modum:

100 1911 237 1983 ludices,
260 1908 314 1995 qui
336 1913 469 1995 exlege
491 1910 585 1976 iurati
608 1913 765 1983 iudicatis,
793 1913 1013 1994 obtemperare
1035 1908 1157 1992 legibus
1180 1912 1313 1975 debetis.
1360 1913 1426 1976 Ob·

101 2013 275 2089 temperare
296 2013 402 2069 autem
425 2007 549 2090 legibus
577 2025 639 2068 nou
667 2007 813 2090 potestis,
848 2006 909 2067 nisi
931 2005 984 2079 id,
1022 2007 1107 2089 qnod
1139 2004 1290 2089 scriptam
1317 2013 1365 2069 est
1391 2007 1425 2069 in

99 2098 185 2184 lege,
218 2101 405 2185 sequamini.
451 2101 545 2177 Quod
574 2101 658 2163 enim
681 2101 795 2163 certius
816 2096 894 2182 legis
916 2100 1052 2184 scriptor
1073 2101 1291 2162 testimonium
1313 2098 1425 2164 volun-

100 2196 171 2258 tatis
192 2214 267 2258 suae
290 2193 467 2279 relinquere
489 2195 592 2275 potuit
614 2211 708 2279 quam
730 2192 814 2279 quod
837 2193 903 2276 ipse
927 2207 1039 2275 magua
1061 2206 1133 2256 cum
1147 2213 1222 2257 cura
1238 2204 1331 2278 atque
1354 2193 1464 2256 dili-sc

101 2288 203 2374 gentia
225 2288 375 2374 scripsit?
404 2285 524 2364 Quodsi
547 2286 666 2351 litterae
689 2305 752 2350 non
775 2294 952 2362 exstarent,
985 2306 1099 2370 magno
1124 2306 1221 2372 opere
1245 2309 1298 2351 eas
1320 2288 1426 2373 requi·

101 2403 261 2455 racemus.
294 2391 330 2447 ut
356 2403 396 2446 ex
423 2381 462 2445 iis
491 2379 653 2464 scriptoris
675 2382 821 2443 voluutas
843 2391 1106 2463 cognosceretm
1137 2402 1195 2444 nec
1219 2389 1322 2445 tamen
1343 2383 1427 2463 Epa-

103 2477 269 2541 minondae
284 2477 551 2561 permitteremus,
573 2494 613 2537 ne
635 2474 662 2537 si
684 2482 774 2538 extra
794 2473 944 2538 iudicium
967 2472 1095 2560 quidem
1119 2483 1217 2548 esset,
1239 2483 1274 2538 ut
1293 2474 1320 2539 is
1334 2477 1427 2539 nobis

101 2572 287 2634 sententiam
329 2569 408 2652 legis
441 2567 719 2652 interpretaretur3
756 2570 873 2631 nedum
902 2589 984 2633 nuuc
1016 2567 1111 2633 istum
1144 2571 1317 2652 patiamur,
1356 2589 1426 2634 cum

102 2673 227 2748 praesto
250 2663 301 2727 lex
322 2665 377 2736 sit,
400 2684 464 2727 non
487 2683 609 2737 exeo,
633 2661 718 2744 quod
739 2663 935 2746 apertissime
958 2663 1107 2747 scriptum
1130 2671 1200 2737 est,
1232 2661 1287 2728 sed
1310 2675 1350 2727 ex
1373 2683 1464 2737 ειμι

102 2756 185 2842 quod
207 2778 281 2821 suae
304 2777 416 2822 causae
439 2758 605 2831 convenit,
640 2757 802 2841 scriptoris
824 2752 1015 2820 voluntatem
1038 2757 1247 2843 interpretari.
1305 2759 1426 2835 Quodsi

102 2872 177 2927 ros,
212 2851 350 2927 iudices,
384 2850 507 2934 legibus
539 2847 758 2934 obtemperare
793 2848 916 2913 debetis
938 2857 969 2914 et
996 2853 1030 2914 id
1057 2849 1160 2916 lacere
1190 2870 1254 2916 non
1281 2854 1424 2935 potestis,

102 2945 161 3010 nisi
183 2944 235 3021 id,
259 2948 344 3032 quod
372 2944 523 3027 scriptum
546 2951 594 3008 est
615 2945 647 3006 in
673 2945 758 3026 lege.
792 2943 987 3027 sequemini,
1020 2943 1321 3030 quiartesaeae.
1352 2949 1427 3032 quin

103 3041 197 3105 istum
219 3050 329 3105 contra
349 3038 452 3123 legem
474 3037 585 3102 fecisse
606 3036 775 3102 iudicetis‘l
813 3040 865 3101 71.
895 3040 1125 3120 assumptionis
1146 3048 1250 3104 autem
1272 3041 1427 3125 approba-

103 3133 189 3198 tione
211 3133 397 3218 praeterita‚
428 3133 654 3219 quadripartita
675 3134 720 3196 sic
742 3131 797 3196 fiet
816 3135 1068 3215 argumentatio:
1109 3135 1170 3209 Qui
1197 3147 1425 3218 saepenumero
1436 3161 1464 3203 ιο

103 3248 162 3290 nos
183 3244 241 3313 per
261 3225 356 3292 li'dem
377 3227 575 3302 fefellerunt,
609 3247 720 3291 eorum
748 3226 883 3291 orationi
913 3225 1006 3291 iidem
1034 3229 1153 3292 habere
1175 3244 1238 3294 non
1261 3232 1424 3294 debemus.
1511 3248 1520 3265 ·

105 3321 137 3384 Si
159 3323 234 3405 quid
256 3323 339 3386 enirn
361 3320 491 3408 pertidia
512 3320 640 3385 illorum
661 3322 840 3385 detrimenti
862 3322 1092 3406 acceperimus,
1116 3342 1209 3386 nemo
1227 3325 1288 3388 erit
1302 3333 1427 3410 praeter

104 3417 353 3503 nosmetipsos,
385 3435 479 3501 quem
501 3417 570 3479 iure
592 3435 742 3479 accusare
764 3413 932 3498 possimus.
981 3417 1026 3479 Ac
1048 3416 1149 3501 primo
1173 3417 1300 3502 quidem
1324 3417 1426 3502 decipi

104 3511 338 3574 incommodum
353 3522 417 3588 eet;
439 3512 565 3584 iterum,
589 3510 737 3585 stultum
760 3510 865 3584 tertio,
890 3518 992 3592 turpe.
1035 3511 1308 3594 Karthaginienses
1322 3522 1426 3576 autern

104 3621 255 3689 persaepe
277 3604 339 3667 iam
362 3624 419 3668 nos
440 3601 631 3668 fefellerunt.
683 3605 811 3667 Summa
832 3605 928 3685 igilur
949 3607 1085 3669 amentia
1108 3614 1156 3670 est
1177 3607 1210 3669 in
1232 3619 1342 3672 eorum
1366 3604 1464 3674 [ideas

104 3718 195 3780 spem
216 3699 352 3774 babere,
388 3717 522 3785 quornm
544 3696 674 3784 perfidia
696 3698 789 3761 toties
810 3699 960 3781 deceptus
981 3699 1035 3764 sis.
1061 3695 1133 3764 ³72.
1158 3702 1292 3787 Utraque
1313 3717 1428 3785 appio·

104 3792 233 3855 batione
254 3791 446 3878 praeterita,
476 3793 630 3874 tripartita
657 3789 713 3867 lit,
741 3795 802 3856 hoc
829 3803 942 3879 pacto:
980 3798 1042 3859 Aut
1068 3803 1242 3859 metuamus
1264 3791 1428 3876 Karthagi-

105 3887 230 3951 nienses
245 3895 385 3973 oportet,
407 3888 433 3951 si
454 3885 629 3952 incolumes
650 3908 707 3951 eos
727 3886 962 3972 reliquerimus3
985 3898 1040 3952 aut
1060 3907 1171 3953 eorum
1194 3891 1306 3952 urbem
1322 3887 1428 3950 dirua-

106 4002 186 4047 mus.
217 3983 263 4045 Ac
276 3989 414 4047 metuere
429 3980 557 4067 quidem
573 4000 637 4044 nou
653 3988 789 4065 oportet.
825 3983 932 4044 Restat
946 3983 1057 4064 igitur,
1080 3991 1115 4046 ut
1128 3979 1239 4045 urbem
1254 3979 1424 4044 diruamus.

190 4077 258 4140 XL.
295 4079 519 4151 sectantem,
550 4077 604 4160 qui
634 4082 744 4160 putant
771 4094 996 4160 nonnunquam
1019 4095 1111 4160 posse
1133 4075 1352 4160 complexione
1374 4095 1464 4145 ιιι-ιο

106 4171 286 4256 peneadem,
319 4190 390 4236 cum
411 4173 444 4234 id
466 4172 665 4255 perspicuum
687 4168 746 4243 sit,
780 4170 865 4253 quod
894 4167 1077 4233 conficiatur
1104 4189 1145 4233 ex
1165 4169 1424 4243 ratiocinatione;

106 4267 192 4352 quod
213 4267 239 4331 si
260 4264 332 4342 liat,
363 4267 541 4352 bipartitam
563 4283 689 4349 quoque
711 4261 778 4327 lieri
807 4264 1130 4348 argumentationem,
1159 4266 1220 4328 hoc
1242 4262 1360 4326 modo:
1394 4261 1427 4324 Si

177 4478 204 4526 1.
224 4478 292 4527 enlm
308 4490 362 4528 om.
381 4475 457 4527 ΡΑΤ.
479 4499 510 4512 -
540 4476 567 4524 2.
592 4477 643 4540 {ult
663 4473 791 4525 Thebanis
808 4473 924 4525 ΡΡΑΡΤ
933 4489 941 4525 ι
968 4473 1093 4525 Thebanis
1111 4470 1163 4539 luit
1182 4473 1212 4524 ll·
1236 4483 1267 4509 -·
1294 4471 1321 4521 5.
1348 4476 1429 4535 etque

107 4543 285 4612 ATalllquea
304 4555 351 4598 cot
370 4547 392 4598 B
411 4559 469 4612 cum
488 4547 511 4596 tt
529 4555 556 4596 et
574 4558 641 4597 corr.
661 4546 691 4595 Ρ.
711 4543 753 4605 (ot
772 4559 810 4608 pr.
831 4545 915 4610 Ρ.)-
936 4546 963 4596 0.
982 4546 1016 4594 Δι
1033 4545 1054 4595 Ρ
1072 4545 1188 4608 elttqne:
1207 4540 1326 4601 AdA'T,
1346 4540 1428 4607 Arpos

107 4617 163 4668 itll.
186 4641 220 4655 -
248 4619 290 4668 l'l.
311 4620 487 4682 attemperare
504 4617 602 4681 legitor
619 4615 666 4665 ΑΡ
685 4622 712 4666 et
729 4628 797 4666 corr.
816 4616 857 4666 Ρι
886 4617 985 4679 lapibus
1003 4616 1179 4676 cormponere
1197 4612 1253 4663 RB.
1273 4637 1306 4648 -
1337 4615 1381 4663 18.
1400 4612 1429 4662 td

108 4702 161 4740 om.
179 4687 217 4748 P,
238 4696 269 4739 ut
287 4686 382 4741 ornav.
404 4712 433 4725 -
462 4686 505 4736 tll.
525 4687 664 4751 sequimini
681 4685 759 4735 ΡΑΤ.
785 4711 819 4722 -
844 4687 888 4737 ti.
909 4690 943 4735 tte
962 4686 998 4735 P:
1018 4687 1059 4734 tls
1077 4699 1137 4734 cum
1156 4687 1249 4735 ceterte
1268 4683 1299 4734 tt.
1322 4709 1353 4721 -
1382 4681 1427 4733 te.

107 4760 162 4808 etat
177 4759 208 4808 td
226 4759 298 4822 quod
316 4758 425 4810 ΡΑΡΡι
452 4759 505 4808 ctat
522 4759 591 4821 quod
610 4765 672 4811 tom.
693 4756 733 4820 ld)
752 4756 782 4806 ll.
811 4779 843 4791 -
872 4759 902 4805 ιἰι
919 4758 975 4820 lege
991 4778 1002 4789 ·
1019 4780 1030 4790 -
1048 4767 1143 4806 cuneos
1159 4761 1197 4805 est
1215 4763 1267 4806 om.
1287 4739 1317 4803 Ρ.
1339 4765 1366 4792 -·-
1400 4755 1430 4804 lo

109 4828 162 4895 lage
181 4841 233 4880 om.
254 4829 310 4880 ΛΤ.
331 4853 361 4866 -
381 4841 476 4880 amca
495 4825 543 4890 cst]
562 4826 692 4877 duditotls
709 4826 788 4877 ΛΒΤ.
813 4850 843 4864 -
869 4827 913 4877 33.
932 4827 1049 4888 primum
1068 4826 1131 4889 ΔΤ,
1150 4824 1181 4877 1..
1202 4850 1236 4863 -
1263 4823 1308 4875 3οἑ
1327 4818 1376 4889 lc]
1395 4825 1431 4875 At

110 4901 152 4963 lt,
169 4900 201 4951 1..
224 4921 251 4935 -·
273 4899 318 4952 lt).
335 4905 435 4965 potant
452 4897 545 4950 aaut
565 4910 624 4950 cum
643 4898 842 4950 casertanum:
859 4897 993 4961 patrasti
1012 4898 1082 4949 cont.
