3216 5400
648 219 703 286 tta
725 217 983 284 INVENTIONE·

448 698 455 708 .
559 665 609 732 Μ.
637 663 794 733 nuncu
819 660 1066 734 crcnaoaus

383 808 1251 900 RHETORIOORUM

752 1009 811 1056 SEU
833 1009 877 1056 DE

460 1143 816 1208 INVENTIONE
844 1141 1174 1208 uflssroulca

596 1295 747 1359 LIBER
775 1295 1032 1358 succubus

156 1761 182 1830 l.
218 1763 247 1826 1.
281 1733 496 1827 Crotoniatae
518 1756 694 1840 quondam,
726 1772 797 1817 cum
819 1749 967 1817 florerent
989 1750 1134 1818 omnibus
1156 1751 1255 1837 copiis
1278 1761 1309 1818 et
1328 1753 1362 1819 in
1384 1753 1474 1819 ltalia

151 1872 221 1919 cum
243 1851 353 1936 primis
374 1849 458 1915 beati
479 1855 735 1922 numerarentur,
769 1845 918 1933 templum
946 1844 1093 1922 Iunonis,
1127 1847 1211 1933 quod
1233 1847 1469 1932 religiosissime

150 1946 309 2020 colebant,
343 1943 478 2029 egregiis
504 1943 634 2028 picturis
666 1940 857 2022 locupletare
887 1939 1065 2006 voluerunt.
1110 1942 1219 2028 Itaque
1248 1944 1470 2008 Heracleotem

151 2042 288 2115 Zeuxin,
312 2038 365 2126 qui
387 2048 453 2104 tum
474 2039 568 2121 longe
592 2035 705 2100 ceteris
720 2035 877 2100 excellere
892 2036 1065 2117 pictoribus
1081 2034 1334 2114 existimabatur,
1358 2057 1472 2124 magno

129 2136 254 2223 spretio
276 2137 464 2198 conductum
486 2133 707 2196 adhibuerunt.
751 2132 782 2194 ls
804 2138 836 2196 et
857 2138 975 2194 ceteras
1003 2131 1184 2212 complures
1212 2129 1332 2196 tabulas
1359 2132 1472 2220 pinxit,

151 2249 284 2317 quarum
305 2228 454 2293 nonnulla
475 2247 548 2312 pars
570 2245 669 2312 usque
691 2228 730 2289 ad
752 2232 892 2291 nostram
914 2226 1099 2290 memoriam
1119 2233 1249 2310 propter
1265 2225 1330 2291 lani
1344 2228 1473 2313 religio·

150 2342 224 2388 nem
245 2322 410 2399 remansit;
435 2328 483 2394 et,
505 2329 540 2384 ut
561 2317 768 2384 excellentem
790 2318 952 2383 muliebris
972 2317 1092 2384 formae
1107 2317 1371 2403 pulchritudinem
1387 2331 1474 2387 muta

150 2418 185 2482 iu
206 2437 276 2483 sese
297 2418 402 2500 imago
424 2414 615 2491 contineret,
651 2415 791 2478 Helenae
822 2412 952 2498 pingere
982 2433 1016 2477 se
1044 2410 1248 2478 simulacrum
1268 2415 1350 2480 velle
1373 2413 1470 2493 dixit,

150 2513 236 2598 quod
258 2512 472 2585 Crotoniatae,
496 2510 550 2595 qui
572 2530 644 2573 eum
668 2504 811 2572 muliebri
833 2506 867 2572 in
889 2527 1023 2593 corpore
1044 2507 1202 2592 pingendo
1218 2508 1387 2594 plurimum
1403 2509 1473 2574 aliis

111 2614 309 2692 repraestare
332 2624 423 2692 saepe
447 2603 657 2690 accepissent,
691 2598 825 2667 libenter
854 2602 1030 2666 audierunt.
1075 2603 1266 2666 Putaverunt
1293 2606 1393 2678 enim,
1426 2604 1471 2679 si,

151 2719 214 2785 quo
236 2700 268 2765 in
292 2720 408 2783 genere
431 2698 600 2781 plurimum
623 2704 745 2781 posset,
768 2694 801 2759 in
824 2715 863 2759 eo
886 2715 999 2780 magno
1022 2716 1120 2781 opere
1144 2695 1350 2774 elaborasset,
1381 2719 1473 2781 egre-

150 2793 236 2877 gium
264 2790 324 2858 sibi
355 2813 434 2875 opus
462 2792 516 2858 illo
547 2794 579 2856 in
606 2793 680 2855 lano
702 2789 896 2854 relicturum.
939 2794 970 2853 2.
995 2793 1101 2876 Neque
1124 2798 1189 2854 tum
1212 2814 1267 2856 eos
1289 2792 1339 2857 itta
1363 2792 1472 2879 opinio

149 2886 271 2952 fefellit.
316 2891 392 2951 Nam
415 2885 529 2950 Zeuxis
551 2886 633 2950 illico
657 2882 810 2971 quaesivit
831 2886 869 2947 ab
893 2885 956 2958 eis,
982 2904 1132 2969 quasnam
1155 2885 1293 2970 virgines
1316 2887 1472 2952 formosas

150 2983 314 3047 habereut.
359 2980 408 3045 Illi
439 2990 542 3045 autern
573 2978 676 3045 statim
704 2979 863 3044 hominem
891 2980 1091 3042 deduxerunt
1115 2981 1148 3043 in
1169 2981 1355 3065 palaestram
1378 2990 1471 3068 atque

113 3095 141 3138 es
152 3074 181 3141 ei
202 3097 320 3159 pueros
341 3079 545 3140 ostenderunt
567 3077 696 3153 multos,
731 3092 842 3157 magna
863 3070 1023 3157 praeditos
1045 3073 1205 3157 dignitate.
1248 3078 1370 3140 Etenim
1393 3096 1472 3162 quo-

151 3172 222 3234 dam
243 3178 384 3255 tempore
412 3172 611 3236 Crotoniatae
632 3169 762 3232 multum
785 3164 929 3230 omnibus
951 3187 1120 3252 corporum
1142 3169 1262 3235 viribus
1285 3179 1317 3234 et
1339 3170 1472 3253 dignita·

149 3260 234 3327 tibus
261 3272 488 3328 antesteterunt
514 3270 606 3348 atque
635 3262 870 3326 honestissimas
899 3283 938 3326 ex
962 3262 1106 3346 gymnico
1129 3266 1299 3329 certamine
1321 3263 1470 3328 victorias

150 3353 279 3422 domum
309 3377 379 3422 cum
410 3355 502 3421 laude
532 3357 667 3419 maxima
697 3355 894 3419 rettulerunt.
941 3358 1017 3421 Cum
1043 3377 1214 3442 puerorum
1237 3360 1333 3442 igitur
1352 3357 1471 3423 formas

151 3458 184 3516 et
204 3470 338 3536 corpora
358 3470 471 3535 magno
493 3452 544 3514 bic
567 3470 662 3536 opere
688 3449 870 3514 miraretur:
907 3451 1045 3525 Horum,
1079 3453 1222 3538 inquiunt
1252 3453 1311 3528 illi,
1344 3471 1471 3517 sorores

113 3552 221 3610 nsunt
243 3546 326 3629 apud
347 3564 404 3608 nos
426 3544 576 3627 virgines.
622 3546 744 3621 Quare',
778 3564 839 3630 qua
868 3545 929 3607 sint
950 3544 1021 3608 illae
1044 3544 1213 3627 dignitate,
1248 3555 1337 3634 potes
1360 3569 1400 3610 ex
1423 3544 1470 3609 bis

151 3637 314 3725 suspicari.
359 3639 511 3701 Praebete
533 3637 627 3723 igitur
648 3639 741 3712 mihi,
765 3659 898 3723 quaeso,
922 3639 1034 3724 inquit,
1060 3662 1101 3703 ex
1125 3640 1190 3705 istis
1212 3639 1385 3726 virginibus
1407 3639 1472 3704 sor·

150 3731 360 3808 mosisslmas,
400 3734 474 3796 dum
503 3732 598 3817 pingo
627 3730 677 3808 iel,
714 3731 799 3818 quod
820 3732 977 3818 pollicitus
999 3753 1067 3797 sum
1089 3735 1198 3811 vobis,
1238 3743 1272 3799 ut
1295 3742 1415 3798 mutum
1438 3731 1471 3798 ia

150 3828 351 3895 simulacrum
373 3850 413 3892 ex
435 3824 561 3890 animali
583 3824 728 3912 exemplo
750 3824 865 3890 veritas
889 3827 1104 3892 transferatur.
1150 3831 1181 3892 3.
1206 3832 1284 3893 Tum
1307 3825 1470 3894 Crotonia-

150 3929 201 3988 tae
222 3919 347 4008 publico
369 3924 408 3985 de
430 3920 562 3986 consilio
583 3920 721 4005 virgines
742 3942 840 3985 unum
861 3919 894 3984 in
926 3920 1030 3985 locum
1053 3921 1272 3987 conduxerunt
1293 3931 1325 3986 et
1344 3919 1468 4008 pictori,

112 4036 245 4103 requam
266 4014 375 4090 vellet,
405 4005 745 4101 eligendi'potcstatem
768 4015 934 4092 dederunt.
978 4016 1033 4080 lllc
1055 4027 1158 4081 autem
1181 4017 1318 4102 quinque
1340 4014 1468 4100 delegit;

151 4130 282 4196 quarum
305 4113 431 4175 nomina
453 4109 542 4175 multi
564 4119 674 4196 poetae
696 4113 867 4175 memoriae
894 4110 1120 4193 prodiderunt,
1155 4110 1241 4197 quod
1271 4115 1337 4177 eius
1367 4120 1471 4177 essent

150 4203 267 4271 iudicio
288 4209 455 4289 probatae,
480 4205 534 4293 qui
550 4204 787 4291 pulchritudiuis
809 4208 927 4269 habere
948 4208 1146 4271 verissimum
1169 4206 1319 4272 iudicium
1343 4205 1469 4271 debuis-

151 4307 209 4365 set.
253 4303 361 4386 Neque
382 4299 464 4365 enim
486 4300 604 4386 putavit
625 4303 743 4376 omnia,
766 4323 846 4387 quae
868 4309 1036 4386 quaereret
1057 4300 1096 4366 ad
1117 4311 1329 4379 venustatem,
1353 4301 1385 4367 in
1401 4322 1471 4367 cor·

219 4524 246 4574 2·
266 4536 325 4573 eam
341 4523 472 4586 tmpre'mtr
490 4522 553 4579 vlt.
575 4522 668 4576 Greer.
690 4549 721 4561 -
747 4524 773 4573 8.
792 4526 946 4587 pingerem
965 4524 1053 4575 aur:
1079 4526 1232 4589 repingere
1250 4525 1281 4575 Ε.
1302 4521 1365 4588 (ern.
1383 4538 1411 4575 re
1427 4520 1470 4587 Ρ.)

150 4613 186 4626 -
204 4592 247 4642 ta.
266 4592 344 4642 leude
360 4597 480 4645 maetam
498 4593 608 4646 baur:
627 4595 747 4644 maxime
765 4594 843 4644 leode
862 4595 892 4643 Ε.
914 4620 944 4631 -
966 4597 1009 4647 to.
1029 4609 1124 4661 magno
1144 4609 1220 4658 opere
1238 4597 1279 4646 lete
1297 4595 1353 4647 ΑΤ.
1374 4620 1405 4633 ·-
1429 4595 1471 4645 rur

152 4673 204 4711 em.
224 4664 265 4724 A,
285 4669 315 4713 ut
333 4663 427 4717 Greer.
448 4690 479 4700 -
498 4666 542 4716 2⁰.
562 4679 629 4731 quer
647 4666 708 4715 Era.
729 4677 835 4727 operae.
858 4691 886 4702 -
906 4665 950 4716 23.
973 4667 1045 4717 Tenc
1062 4666 1148 4726 ΛΚΤ,
1168 4667 1263 4718 Greer.
1279 4693 1309 4704 -
1329 4668 1373 4718 25.
1392 4680 1471 4730 qoem

150 4728 235 4782 aar:
252 4749 317 4798 quoe
334 4735 391 4786 lut.
429 4735 574 4802 Stngulerts
593 4739 738 4798 requtrttur
756 4735 789 4784 eb
808 4749 832 4785 v.
852 4742 948 4785 eutem.
968 4738 1019 4789 Oa.
1040 4764 1072 4775 —
1099 4738 1141 4788 26.
1158 4738 1336 4800 praetercunt
1355 4736 1424 4787 aar
1444 4741 1471 4788 et

152 4813 192 4865 pr.
211 4801 247 4851 Pr
267 4805 435 4856 tradiderant
453 4807 474 4857 E
494 4816 520 4860 et
539 4821 607 4858 cerr.
625 4808 656 4858 Ρ.
678 4833 707 4843 -
728 4807 772 4856 17.
792 4807 976 4869 comprobarer
994 4809 1034 4863 u.
1054 4809 1085 4862 l..
1108 4832 1136 4845 -
1153 4809 1358 4873 petcbre'mde'ee's
1375 4808 1471 4860 bebere

150 4872 316 4926 amomum
331 4876 439 4930 raas:
459 4880 622 4930 coriariorum
638 4876 841 4943 pekerereeteo
859 4878 952 4931 bebere
970 4879 1002 4933 E.
