3232 5392
607 257 683 321 Llll.
705 256 745 322 ll.
788 254 823 327 C,
845 254 877 320 9.
906 257 957 320 10.
1387 261 1447 328 135

128 426 218 495 sarnt3
251 437 304 482 res
325 416 410 503 ipsa,
444 436 537 482 causa
557 414 678 500 posita,
712 413 853 490 docebit,
885 414 997 502 ecquid
1019 414 1070 480 bic
1091 436 1217 502 quoque
1238 414 1326 482 locus
1347 418 1450 503 suspi-

128 512 228 577 cionis
248 510 401 577 ostendat.
443 515 522 577 Nam
542 510 714 577 affectionis
736 509 863 596 quidem
883 509 964 574 ratio
986 509 1186 593 perspicuam
1211 510 1291 575 solet
1314 531 1391 596 prae
1412 533 1448 578 se

128 626 238 691 gerere
259 605 484 680 coniecturam,
519 617 554 673 ut
576 626 681 682 amor,
713 604 890 678 iracundia,
920 604 1080 682 molestia3
1105 597 1287 687 ‘propterea
1309 608 1394 691 quod
1416 615 1449 671 et

127 703 269 784 ipsorum
290 699 339 766 vis
359 699 545 785 intelligitur
565 707 614 777 et,
649 719 729 786 quae
750 719 801 763 res
822 696 933 763 barum
954 697 1088 783 aliquam
1110 718 1178 763 rem
1200 707 1447 785 consequantur,

127 793 233 860 faciles
254 792 382 878 cognitu
402 803 485 860 sunt.
529 797 582 861 31.
615 792 759 860 Studium
785 800 889 857 autem
918 792 1065 879 quoniam
1086 799 1135 858 est
1155 791 1280 858 assidua
1300 801 1332 858 et
1353 794 1470 860 rebe-s

127 889 372 976 mensaliquam
393 887 524 954 adrem
546 887 700 974 applicata
719 907 831 972 magna
859 906 930 951 cum
958 884 1117 951 voluntate
1146 886 1325 970 occupatio,
1355 887 1448 956 facile

128 1006 168 1050 ex
189 1003 227 1050 eo
250 986 383 1049 dneetur
403 982 647 1066 argumentatio,
678 1002 773 1068 quam
792 1001 845 1046 res
866 984 934 1067 ipsa
955 978 1146 1046 desiderabit
1166 982 1199 1045 in
1220 1000 1325 1048 causa.
1369 986 1449 1049 ltem

128 1101 168 1145 cx
197 1076 330 1144 consilio
360 1085 502 1143 sumetur
532 1075 650 1162 aliquid
681 1073 892 1158 suspicionis3
937 1094 1008 1138 nam
1049 1073 1214 1139 consilium
1247 1083 1294 1142 est
1329 1077 1449 1164 aliquid

127 1171 260 1238 faciendi
281 1192 347 1238 non
366 1169 539 1236 faciendive
561 1171 738 1253 excogitata
758 1166 852 1234 ratio.
896 1169 962 1231 Iam
983 1167 1064 1232 lacta
1079 1175 1112 1232 et
1124 1187 1213 1234 casus
1228 1178 1261 1236 et
1274 1175 1446 1248 orationes,

128 1286 207 1353 qnae
228 1273 300 1330 sunt
321 1264 425 1330 omnia
448 1262 492 1347 (ut
513 1264 547 1329 in
567 1262 811 1329 confirmationis
831 1262 1007 1345 praeceptis
1029 1261 1146 1328 dictum
1169 1262 1225 1346 est)
1247 1262 1281 1329 in
1295 1265 1355 1331 tria
1371 1274 1486 1333 tem-ro

130 1380 207 1444 pora
238 1359 420 1434 distributa,
456 1358 548 1423 facile
580 1356 642 1423 erit
669 1354 796 1433 videre,
833 1354 946 1443 ecquid
976 1355 1108 1422 afferant
1132 1359 1173 1423 ad
1202 1357 1449 1428 confirmandam

127 1455 338 1521 coniecturam
360 1452 556 1539 suspicionis.

209 1553 252 1614 X.
286 1552 339 1614 32.
375 1552 419 1613 bc
446 1546 592 1632 personis
620 1543 749 1632 quidem
777 1563 831 1609 res
857 1563 915 1610 eae
941 1551 1015 1609 sunt
1046 1543 1228 1624 attributae,
1262 1569 1302 1615 ex
1335 1553 1449 1638 quibus

127 1643 272 1710 omnibus
301 1663 398 1709 unum
430 1642 463 1708 in
490 1640 594 1708 locum
622 1638 739 1706 coactis
767 1638 959 1703 accusatoris
980 1637 1041 1703 erit
1061 1637 1293 1723 improbatione
1313 1645 1449 1712 bominis

127 1738 183 1804 uti.
229 1742 308 1802 Nam
328 1757 420 1802 causa
441 1735 515 1800 lacti
535 1755 647 1821 parum
668 1730 868 1798 firmitudinis
888 1728 1034 1808 habebit,
1057 1735 1117 1798 nisi
1138 1735 1260 1802 animm
1282 1738 1370 1817 eius,
1394 1739 1487 1827 quire

126 1831 338 1908 insimulatur,
359 1831 392 1895 in
414 1850 484 1896 eam
505 1827 715 1915 suspicionem
736 1828 924 1902 adducetur,
946 1835 982 1892 nt
1005 1847 1023 1892 a
1043 1827 1099 1893 tali
1119 1832 1212 1914 culpa
1227 1851 1290 1897 non
1305 1837 1451 1900 videatur

127 1925 341 1991 abhorruisse.
385 1927 423 1991 Ut
454 1926 539 1989 enim
568 1922 706 1987 animum
737 1919 869 1985 alicuius
897 1922 1079 2003 improbare
1110 1922 1188 1989 nibil
1219 1925 1343 2000 attinet,
1377 1947 1450 1994 cum

127 2041 237 2095 cansa,
269 2040 368 2106 quare
390 2018 543 2103 peccarit,
576 2036 640 2082 non
660 2013 852 2090 intercessit,
885 2013 930 2079 sio
957 2033 1083 2079 causam
1110 2017 1230 2103 peceati
1252 2019 1451 2087 intercedere

126 2115 196 2181 leve
217 2122 279 2189 est,
301 2113 329 2179 si
350 2114 471 2179 animus
492 2110 571 2177 nulli
591 2112 695 2175 minus
708 2111 858 2173 honestae
873 2106 988 2172 rationi
1002 2107 1102 2173 affinis
1117 2110 1303 2180 ostenditur.
1346 2118 1450 2193 Quare

126 2211 220 2278 vitam
243 2209 328 2286 eius,
359 2228 454 2296 quem
475 2205 592 2290 arguit,
622 2225 662 2268 ex
684 2209 755 2268 ante
775 2200 866 2267 lactis
886 2210 1049 2267 accusator
1070 2203 1251 2291 improbare
1272 2207 1399 2275 debebit
1420 2218 1451 2277 et
1459 2235 1487 2276 ro

127 2308 310 2381 ostendere,
333 2302 360 2369 si
381 2322 446 2388 quo
468 2302 502 2365 in
522 2298 592 2387 pari
612 2305 685 2362 ante
706 2305 838 2381 peceato
860 2294 1019 2362 convictus
1039 2297 1091 2363 sit.
1137 2299 1171 2365 si
1190 2298 1225 2367 id
1246 2322 1310 2368 non
1324 2304 1451 2389 poterit,

127 2403 153 2464 si
175 2419 268 2486 quam
289 2398 323 2463 in
343 2395 477 2462 similem
498 2402 571 2459 ante
592 2390 804 2477 suspicionem
825 2389 968 2465 venerit,
991 2411 1028 2455 ac
1050 2392 1206 2471 maxime,
1229 2396 1258 2461 si
1278 2395 1347 2464 lieri
1362 2410 1453 2486 pote-

127 2492 184 2566 rit,
216 2490 309 2557 simili
337 2491 443 2576 aliquo
470 2491 504 2553 in
532 2505 647 2572 genere
674 2482 905 2550 eiusdemmodi
925 2503 1018 2550 causa
1039 2485 1142 2573 aliqua
1164 2499 1356 2557 commotum
1376 2515 1452 2577 pec-

127 2607 213 2652 casse
235 2593 289 2651 aut
310 2585 344 2650 in
364 2603 464 2670 aeqrre
485 2602 598 2667 magna
619 2599 656 2645 re
676 2587 731 2646 aut
751 2578 784 2643 in
805 2578 925 2644 maiore
946 2588 1000 2644 ant
1019 2578 1052 2645 in
1074 2586 1211 2650 minore:
1233 2593 1270 2651 nt
1290 2588 1332 2663 si,
1356 2608 1451 2674 quem

128 2680 261 2766 pecunia
291 2683 373 2745 dicat
399 2677 561 2743 inductum
591 2674 721 2747 iecisse,
755 2674 855 2759 possit
883 2671 1100 2742 demonstrare
1131 2677 1237 2763 aliqua
1261 2679 1295 2744 in
1324 2701 1361 2746 re
1382 2683 1487 2749 cineas

127 2775 254 2859 aliquod
276 2772 391 2838 iactum
412 2793 553 2837 ararum.
597 2774 650 2838 33.
682 2772 761 2834 ltem
791 2767 825 2833 in
852 2766 938 2833 omni
966 2788 1058 2835 causa
1084 2780 1230 2838 naturam
1258 2783 1312 2840 aut
1333 2775 1450 2844 vietum

128 2878 182 2933 aut
208 2866 345 2933 studium
375 2874 428 2931 aut
455 2865 613 2932 fortunam
641 2873 696 2930 ant
724 2859 843 2946 aliquid
869 2882 998 2939 eorum,
1034 2885 1114 2950 quae
1137 2869 1284 2952 personia
1303 2868 1452 2937 attributa

127 2969 218 3037 sunt,
248 2963 288 3025 ad
310 2979 380 3024 eam
402 2979 544 3035 causam,
573 2979 634 3046 qua
657 2965 848 3022 commotum
870 2974 1017 3041 peccasse
1039 2959 1140 3036 dicet,
1163 2964 1335 3046 adiungere
1356 2972 1450 3048 atque

128 3077 168 3121 ex
199 3054 316 3140 dispari
344 3075 471 3138 qnoque
500 3074 616 3140 genere
643 3051 825 3137 culparum,
859 3051 886 3115 si
914 3069 955 3114 ex
984 3053 1052 3137 pari
1073 3054 1216 3119 sumendi
1237 3056 1366 3123 incultas
1386 3077 1450 3122 non

128 3149 206 3224 erit,
239 3146 421 3231 improbare
449 3147 588 3213 animum
617 3144 790 3212 adversarii
820 3141 997 3227 oportebit:
1030 3153 1065 3211 ut
1085 3147 1112 3213 si
1132 3148 1261 3214 avaritia
1287 3151 1488 3218 inductnmso

127 3263 241 3328 arguas
262 3241 390 3315 secisse,
414 3249 446 3307 et
467 3262 596 3306 avarum
617 3261 704 3314 eum,
726 3258 820 3324 quem
842 3257 987 3315 accuses,
1010 3239 1226 3308 demonstrare
1247 3264 1312 3310 non
1333 3246 1450 3330 possis,

127 3339 196 3404 aliis
216 3335 342 3402 affinem
363 3336 448 3403 vitiis
470 3335 540 3402 esse
562 3333 676 3400 doceas
696 3342 729 3399 et
750 3352 791 3397 ex
813 3350 852 3395 ea
872 3350 908 3395 re
930 3352 993 3399 uon
1015 3357 1084 3401 esse
1113 3336 1309 3416 mirandum,
1342 3343 1450 3425 quiin

127 3432 181 3497 illa
211 3453 247 3496 re
276 3433 379 3515 turpis
407 3438 461 3496 aut
486 3433 618 3516 cupidus
646 3437 700 3494 aut
726 3424 868 3513 petulans
889 3423 1001 3503 luerit,
1035 3435 1093 3495 hac
1115 3452 1242 3518 quoque
1263 3432 1297 3498 in
1317 3454 1355 3517 re
1377 3455 1451 3500 enm

128 3524 309 3613 deliquisse.
355 3527 513 3602 Quantum
535 3523 618 3588 enim
639 3520 679 3587 de
700 3524 863 3586 honestate
885 3526 917 3584 et
937 3524 1120 3590 auctoritate
1144 3528 1230 3603 eius,
1267 3532 1322 3614 qui
1344 3532 1450 3613 argui-

129 3637 196 3696 tur,
219 3622 391 3684 detractum
414 3625 478 3694 est,
512 3619 695 3682 tantundem
721 3619 761 3680 de
788 3611 934 3678 facultate
954 3620 1049 3684 totius
1071 3627 1118 3684 est
1139 3619 1330 3687 defensionis
1351 3622 1486 3690 demi-ss

128 3722 247 3778 nutum.
289 3716 342 3777 31.
371 3713 404 3776 Si
424 3711 502 3777 nulli
523 3710 624 3776 affinis
645 3710 763 3794 poterit
782 3712 860 3779 vitio
881 3732 955 3776 reus
976 3721 1047 3778 ante
1068 3711 1205 3780 admisso
1227 3718 1447 3795 demonstrari,

127 3806 214 3871 locus
235 3805 401 3872 inducetur
421 3805 489 3881 ille,
511 3826 570 3890 per
591 3824 686 3889 quem
709 3804 854 3872 hortandi
866 3805 986 3873 iudices
1000 3815 1107 3884 erunt,
1131 3817 1167 3873 ut
1180 3818 1320 3877 veterem
1334 3809 1448 3877 lamam

127 3898 263 3966 bominis
291 3900 370 3966 nibil
399 3903 439 3965 ad
470 3920 537 3965 rem
567 3905 678 3986 putent
704 3900 875 3987 pertinere;
911 3920 985 3967 nam
1012 3923 1085 3969 eum
1106 3911 1179 3969 ante
1200 3907 1331 3982 celasse,
1364 3927 1448 3972 nune

195 4137 223 4189 4.
242 4141 417 4203 consequetur
433 4136 480 4188 ΔΤ
499 4144 526 4190 at
544 4151 583 4200 pr.
603 4138 634 4188 P.
655 4134 699 4200 (111
716 4151 780 4193 noa.
799 4139 848 4190 va
866 4144 893 4191 et
911 4152 978 4192 corr.
997 4137 1039 4204 P.)
1059 4165 1091 4177 -
1117 4140 1145 4192 3.
1164 4141 1283 4207 otiam
1300 4142 1338 4193 od
1355 4143 1402 4193 111
1421 4149 1449 4196 st

127 4220 195 4258 corr.
216 4208 277 4259 PT:
311 4210 405 4273 oligua
421 4209 459 4259 od
477 4222 516 4271 pr.
536 4208 572 4269 P,
595 4210 632 4259 ud
649 4209 768 4273 olipuom
785 4209 816 4260 ll.
842 4208 892 4273 (od
909 4224 962 4261 om.
983 4224 1023 4272 pr.
1042 4207 1087 4274 T.)
1107 4236 1137 4248 ·-
1167 4214 1210 4263 11.
1238 4213 1449 4278 confirmandum

126 4281 307 4330 restruerem
324 4278 431 4329 saur:
450 4283 629 4330 coniecturam
646 4280 854 4344 confirmandam
871 4282 901 4333 ll.
918 4307 948 4319 -
968 4281 1011 4333 1³.
1030 4282 1079 4332 boc
1090 4280 1168 4333 Par.
1188 4281 1231 4348 (Ut
1248 4296 1316 4342 nor,
1336 4283 1404 4347 VR.)
1415 4311 1445 4323 -

126 4351 170 4401 15.
191 4349 294 4401 tubabit
311 4348 350 4398 P:
369 4349 444 4399 babet
461 4349 564 4399 ARTE.
585 4373 614 4384 -
640 4348 685 4398 ro.
704 4350 854 4402 adducatur
871 4351 947 4404 Leld.
967 4352 990 4402 l.
1009 4352 1053 4402 lla
1073 4351 1217 4403 adducitur
1235 4364 1276 4416 pr.
1295 4352 1380 4414 ΡΑΤ,
1399 4354 1449 4405 ad·

125 4420 280 4471 ‹lucaturll
301 4432 360 4470 cum
380 4431 448 4469 corr.
468 4418 545 4473 Pau.
566 4445 597 4457 -
628 4420 672 4470 18.
688 4424 807 4482 peccarit
823 4422 870 4472 ΔΤ
889 4429 916 4475 et
934 4434 1002 4473 corr.
1021 4423 1060 4473 P:
1087 4425 1236 4486 peccaverit
1254 4424 1312 4474 llll.
1330 4423 1448 4489 (peccora

126 4503 167 4553 pr.
188 4488 231 4553 P.)
257 4509 291 4529 ..
320 4489 553 4544 macerarere.
572 4489 667 4543 Graes·
686 4515 721 4526 -
749 4492 794 4542 21.
813 4493 843 4543 st
859 4493 889 4560 td
906 4491 996 4543 PART
1015 4497 1150 4554 cetertqua
1168 4494 1247 4544 llbrt:
1266 4493 1318 4546 Sed
1334 4496 1365 4544 td
1382 4497 1445 4546 Ern.

126 4573 235 4622 operae.
255 4583 286 4597 ·-
306 4557 350 4610 30.
372 4566 402 4609 ut
420 4574 474 4612 om.
492 4559 595 4612 PART.
616 4586 645 4600 -
676 4559 721 4611 33.
739 4564 813 4613 outo
830 4575 883 4615 erse
901 4562 986 4613 Pau:
1017 4575 1070 4613 ease
1086 4566 1159 4614 virdo
1175 4564 1232 4615 1111.
1269 4589 1297 4602 -
1327 4573 1352 4615 et
1368 4580 1401 4617 ao
1417 4581 1447 4618 ra

125 4631 201 4683 Letd.
222 4631 245 4681 l.
264 4630 413 4682 Sebutrlur.
450 4632 486 4683 Ut
504 4644 568 4690 noa,
587 4634 666 4682 ettam
685 4637 778 4683 nostrl.
797 4658 829 4669 -
857 4631 903 4684 33.
923 4647 980 4684 sum
996 4648 1050 4686 om.
1070 4645 1109 4694 pr.
1129 4633 1168 4692 Τ,
1188 4635 1298 4685 eaodem
1314 4636 1446 4702 Purgoldo

126 4708 234 4753 auctora
253 4702 316 4753 Scb.
337 4724 366 4736 -
398 4701 442 4753 ³5.
472 4706 577 4752 tantum
594 4701 665 4751 AllT
684 4708 711 4753 at
729 4702 860 4768 plerlque.
898 4703 969 4766 Sed,
998 4711 1029 4755 ut
1050 4717 1114 4765 nos,
1142 4706 1338 4768 antiquissimus
1361 4707 1392 4758 P.
1413 4734 1446 4748 -

125 4771 170 4822 33.
201 4772 251 4824 Vr.
278 4783 341 4821 rear
366 4777 428 4824 aare
450 4773 566 4823 133111εο
594 4770 708 4823 Grutero
737 4781 845 4825 anctore
872 4777 998 4836 erpunrtt
1021 4773 1084 4825 Sela.
1119 4773 1160 4825 Ac
1184 4789 1225 4828 rr.
1249 4783 1313 4829 ante
1329 4780 1446 4831 worma

125 4848 249 4903 suspecta
266 4841 372 4895 lucrant
389 4845 440 4893 tam
458 4842 551 4893 Lamb-
589 4841 708 4901 llodenr,
726 4844 768 4896 rat
785 4847 866 4898 ettam
884 4847 984 4900 matera
1001 4847 1078 4907 ture,
1098 4852 1445 4916 perseuerantem

127 4912 272 4967 dumtaxat.
309 4911 465 4966 commutor
482 4918 588 4968 serrant
604 4912 675 4965 ttbrt.
694 4912 746 4966 0¹.
