3216 5400
161 235 201 302 ta
347 234 349 240 ⁴
661 235 716 304 Au
737 238 974 304 maurulum

156 393 313 463 remorari
334 393 574 465 damnationem.
614 400 746 466 Inventa
771 401 893 465 rationo
924 397 1153 465 firmamentum
1175 396 1388 486 quaerendum
1412 408 1477 479 est,

157 491 190 559 id
213 501 275 569 est,
311 497 396 579 quod
418 493 555 560 continet
575 492 818 568 accusationem,
851 497 941 580 quod
964 493 1095 560 affertur
1120 504 1228 560 contra
1250 496 1402 562 rationem
1425 501 1479 562 de·

159 586 325 662 lensiouis,
359 586 398 652 de
426 608 487 674 qua
517 596 589 654 ante
617 587 735 654 dietum
766 596 824 653 est.
869 587 905 653 ld
931 587 1137 654 constituetur
1164 588 1224 654 boc
1249 595 1363 656 modo:
1401 591 1479 657 Cum

159 701 234 747 usus
257 680 352 747 luerit
374 683 501 748 Orestes
522 682 661 756 ratione,
694 685 756 749 boc
776 691 884 769 pacto:
917 686 990 750 lure
1019 682 1137 758 occidi,
1169 683 1221 749 illa
1251 684 1334 749 enim
1356 694 1479 770 patrem

137 786 265 842 trucum
288 776 463 855 occiderat;
487 786 594 843 utetur
614 785 779 844 accusator
799 775 1010 853 firmamento,
1033 778 1093 844 boc
1114 789 1221 862 pacto:
1256 777 1317 843 Sed
1338 800 1402 844 non
1423 777 1479 843 abs

159 878 190 936 te
219 871 321 936 occidi
349 891 452 958 noque
485 871 691 937 indemnatam
715 891 837 957 poenas
858 872 995 959 pendere
1017 873 1167 959 oportuit.
1213 877 1260 938 Ex
1281 873 1402 938 ratione
1424 871 1480 938 de-

159 964 309 1031 fensionis
330 975 361 1032 et
382 988 422 1032 ex
444 966 640 1033 firmamento
661 967 865 1033 accusationis
885 968 994 1034 iudicii
1016 968 1156 1054 quaestio
1176 977 1320 1034 nascatur
1334 975 1478 1055 oportet,

159 1080 253 1146 qnam
284 1081 342 1127 nos
371 1060 612 1136 iudicationem,
646 1061 756 1127 Graeci
784 1064 973 1149 κρινόμενον
1001 1062 1165 1148 appellant.
1209 1066 1251 1128 Ea
1274 1062 1480 1129 constituetur

160 1175 201 1219 ex
223 1155 443 1222 coniunctione
465 1154 652 1221 firmamenti
673 1167 705 1222 et
724 1157 855 1222 rationis
869 1156 1068 1230 defensione,
1088 1161 1149 1223 boc
1167 1156 1277 1223 modo:
1301 1158 1378 1222 Cum
1395 1154 1480 1222 dicat

120 1256 150 1299 ¹⁰
160 1251 287 1315 Orestes
328 1271 362 1316 sc
398 1251 495 1338 patris
522 1251 693 1317 ulciscendi
722 1273 816 1316 causa
836 1260 968 1317 matrem
990 1254 1162 1327 occidisse,
1200 1260 1361 1316 rectumne
1384 1251 1481 1315 luerit

159 1346 227 1410 siue
259 1347 376 1411 iudicio
404 1367 423 1411 a
451 1343 517 1411 lilio
552 1347 827 1431 Clytaemnestram
863 1349 976 1418 occidi.
1029 1349 1114 1431 Ergo
1136 1348 1196 1412 bac
1217 1348 1339 1411 ratione
1360 1347 1481 1410 iudica·

159 1440 278 1504 tionem
300 1442 442 1524 reperire
465 1442 620 1505 convenit.
663 1444 799 1527 Reperta
825 1444 1016 1508 iudicatione
1044 1462 1169 1506 omnem
1198 1444 1353 1506 rationem
1383 1442 1480 1505 totius

60 1600 64 1611 ,
159 1536 312 1599 orationis
334 1555 374 1601 eo
396 1536 532 1600 conferri
554 1537 724 1621 oportebit.
768 1538 868 1600 XVII.
892 1541 945 1601 27.
975 1539 1012 1600 ln
1035 1538 1181 1600 omnibus
1204 1536 1479 1601 constitutionibus

72 1696 76 1709 1
160 1629 345 1713 etpartibus
360 1631 617 1694 constitutionum
638 1632 698 1694 hac
720 1631 770 1695 via
793 1630 997 1696 iudicationes
1020 1631 1236 1713 reperientur,
1259 1637 1480 1715 praeterquam

121 1723 191 1785 asin
207 1724 410 1787 coniecturali
425 1725 658 1788 constitutione.
702 1727 781 1790 Nam
796 1726 828 1789 iu
850 1747 888 1791 ea
910 1747 969 1790 uec
989 1723 1086 1801 ratio,
1110 1745 1208 1809 quare
1230 1725 1358 1800 lecerit,
1382 1744 1480 1809 quae·

159 1817 256 1892 ritur,
280 1817 392 1882 fecisse
416 1820 499 1882 euim
522 1826 671 1902 negatum
695 1841 755 1884 nec
776 1817 1007 1884 firmamentum
1031 1821 1222 1906 exquiritur,
1246 1818 1393 1905 quoniam
1416 1837 1480 1882 non

159 1913 268 1975 subest
288 1911 381 1977 ratio.
428 1915 533 1990 Quare
563 1934 605 1978 ex
634 1912 806 1978 intentione
833 1921 865 1978 et
889 1912 1073 1979 infitiatione
1094 1912 1242 1977 iudicatio
1264 1912 1479 1986 constituitur,

159 2008 220 2070 boc
242 2010 354 2071 modo:
377 2007 524 2082 lutentio,
547 2006 695 2072 Occidisti
717 2006 853 2071 Aiacem.
896 2007 1057 2082 Inlitiatio,
1079 2012 1147 2073 Non
1162 2006 1274 2076 occidi.
1317 2004 1478 2080 Iudicatio,

160 2099 370 2165 occideritne.
414 2103 505 2168 Ratio
526 2102 629 2168 omnis
649 2100 812 2186 utriusque
833 2101 1001 2176 orationis,
1035 2110 1070 2168 ut
1098 2111 1170 2167 ante
1198 2101 1314 2167 dictum
1344 2111 1406 2175 est,
1440 2100 1480 2166 ad

122 2192 239 2258 2⁰bauc
271 2194 491 2262 iudicationem
523 2195 712 2261 eonferenda
741 2204 799 2260 est.
845 2195 877 2260 si
903 2195 1009 2280 plures
1038 2206 1131 2262 erunt
1159 2196 1396 2261 constitutiones
1426 2206 1481 2260 aut

159 2296 263 2375 partes
293 2290 564 2365 constitutionum,
599 2290 805 2357 iudicationes
834 2311 960 2378 quoque
986 2291 1091 2376 plures
1118 2300 1210 2356 eruut
1229 2289 1263 2355 in
1283 2311 1345 2355 una
1367 2310 1478 2369 causa;

159 2381 215 2447 sed
236 2403 344 2449 omnes
366 2384 460 2449 simili
480 2384 600 2451 ratione
621 2384 829 2470 reperientur.

245 2476 362 2544 Sedulo
384 2478 526 2546 dedimus
548 2501 692 2566 operam,
731 2480 924 2546 utbreviter
946 2489 977 2545 et
997 2479 1149 2556 dilucide,
1182 2477 1295 2566 quibus
1323 2475 1481 2544 derebus

160 2571 261 2638 adbuc
283 2573 450 2638 dicendum
472 2573 546 2650 luit,
581 2574 766 2640 diceremus.
820 2579 907 2641 Nunc
933 2576 1081 2663 quoniam
1103 2574 1176 2641 satis
1197 2575 1290 2640 huius
1311 2572 1479 2639 voluminis

123 2667 342 2751 “magnitudo
365 2668 477 2745 crevit,
518 2669 712 2736 commodius
734 2670 812 2735 est
802 2693 834 2735 an
856 2671 955 2737 altero
977 2669 1058 2736 libro
1081 2669 1120 2735 de
1142 2669 1254 2734 ceteris
1276 2672 1370 2733 rebus
1392 2666 1481 2732 dein·

161 2782 234 2847 ceps
257 2784 435 2849 exponere,
472 2784 511 2828 ne
541 2785 601 2851 qua
623 2772 754 2851 propter
774 2764 1005 2830 multitudinem
1027 2765 1199 2830 litterarum
1221 2762 1320 2847 possit
1340 2760 1478 2826 animum

160 2864 248 2921 tuum
270 2856 451 2941 defatigatio
472 2857 643 2925 retardare.
688 2856 795 2922 Sed'
771 2880 796 2923 sr
819 2880 882 2945 quo
904 2858 1021 2923 tardius
1043 2863 1135 2930 hacc,
1163 2876 1256 2941 qnam
1277 2859 1396 2926 studes,
1425 2853 1480 2919 ab·

160 2950 337 3026 solventur,
371 2973 571 3018 cumrerum
594 2951 810 3048 magnitudini,
847 2963 912 3018 turn
935 2952 1050 3017 nostris
1072 2971 1199 3036 quoque
1221 2947 1478 3056 occqpationibus

161 3043 319 3128 assignare
340 3044 481 3111 debebis.
525 3028 746 3112 lerumtan'aeu
768 3042 992 3110 maturabimus
1014 3054 1060 3119 et,
1083 3043 1168 3129 quod
1189 3041 1317 3126 negotio
1339 3039 1480 3106 deminu-

125 3143 227 3200 atum
249 3136 359 3213 luerit,
383 3138 627 3226 exaequabimns
649 3138 815 3212 industria,
844 3146 879 3203 ut
899 3159 958 3224 pro
981 3148 1035 3205 tuo
1056 3139 1087 3203 in
1110 3158 1168 3203 nos
1189 3136 1295 3202 officio
1318 3147 1349 3201 ct
1369 3144 1478 3202 nostro

161 3229 194 3296 iu
215 3240 246 3297 te
267 3232 371 3300 studio
393 3255 505 3300 munus
526 3238 587 3299 boc
608 3232 887 3299 accumulatissime
909 3242 979 3298 tuae
1000 3233 1170 3318 largiamur
1191 3230 1353 3298 voluntati.

229 3451 256 3502 2.
277 3451 305 3501 id
322 3451 391 3515 qood
408 3447 471 3513 (om.
491 3448 538 3510 eat)
556 3451 633 3502 sm.
651 3476 682 3488 -
701 3452 728 3502 5.
745 3447 834 3515 pacto]
854 3453 932 3503 modo
950 3450 1044 3502 auur
1063 3456 1089 3502 et
1107 3463 1143 3500 rc.
1164 3450 1193 3499 1³.
1216 3477 1245 3488 -
1272 3451 1315 3500 11.
1336 3451 1392 3500 rins
1410 3450 1479 3499 todi·

161 3523 203 3573 cio
220 3538 238 3573 o
254 3522 309 3588 filio
328 3522 483 3574 saurus:
516 3536 535 3572 o
550 3523 607 3587 tillo
624 3525 679 3574 sisae
695 3522 794 3572 iudicio
819 3522 850 3572 ll.
883 3549 912 3561 -
941 3524 984 3574 15.
1010 3523 1230 3573 somersetiam.
1266 3522 1299 3571 ln
1324 3534 1356 3571 ea
1380 3533 1419 3581 pr.
1439 3522 1477 3579 P,

162 3595 355 3644 constitutione.
392 3593 425 3643 ln
442 3607 474 3644 ea
492 3594 530 3649 ll.
549 3606 618 3644 corr.
638 3593 677 3650 Ρ.
699 3592 793 3644 Graes.
816 3618 845 3630 -
876 3594 920 3643 26.
939 3595 1023 3656 possit
1040 3600 1115 3642 tuum
1134 3592 1290 3657 defottqotto
1308 3594 1426 3641 ocimum
1445 3590 1477 3652 tt,

162 3665 280 3714 ocimum
298 3668 373 3712 tuum
388 3666 473 3726 possit
490 3664 644 3729 desettqntlo
662 3661 721 3727 (ste)
743 3662 775 3712 Τ.
797 3688 828 3700 -
856 3665 900 3715 27.
920 3663 970 3714 Sed
988 3678 1040 3714 orn.
1059 3664 1101 3713 PF
1120 3669 1145 3712 et
1165 3677 1203 3724 pr.
1223 3664 1263 3723 Τ,
1283 3661 1332 3713 Sed
1353 3663 1478 3725 quonium

162 3735 195 3784 lt.
231 3734 303 3784 Fert.
322 3733 413 3785 Sedet
431 3735 494 3799 qud.
515 3735 567 3786 Otr.
588 3760 619 3772 -
638 3735 683 3786 29.
702 3735 865 3785 demnatum
882 3735 989 3785 Poll-'lla
1009 3735 1167 3785 diminutum
1187 3733 1264 3784 ΒΤΕ.
