3232 5392
152 189 215 255 850
739 190 890 256 BRUTUS

152 352 241 433 putat
267 347 301 413 in
330 348 392 413 boo
422 355 558 413 erratum
587 348 746 433 vitamque
767 348 877 416 Naevii
898 350 1044 437 producit
1064 348 1200 435 longius.
1251 351 1332 416 llam
1353 346 1485 417 Mantua

152 441 187 506 P.
203 438 351 518 Claudio,
375 445 412 506 L.
429 444 543 508 Porcio
565 442 673 524 viginti
695 445 784 507 annis
799 452 873 528 post
893 442 981 519 illos,
1003 463 1082 531 quos
1095 451 1170 510 ante
1183 441 1274 522 dixi,
1297 443 1483 511 consulibus

154 541 297 601 mortuus
320 544 382 608 est,
409 538 526 601 Catone
547 554 689 605 censore.

237 632 289 694 61.
314 631 406 696 Hunc
426 629 523 714 igitur
537 632 709 714 Cethegum
730 639 917 698 consecutus
939 637 988 696 est
1008 639 1111 697 aetate
1133 633 1225 708 Cato,
1247 636 1303 720 qui
1324 634 1416 701 annis
1432 653 1480 701 ιι.

130 732 224 811 spost
245 746 317 790 eum
343 726 402 790 luit
422 723 542 790 consul.
586 728 667 789 Eum
689 745 749 790 uos
769 732 805 789 ut
818 733 1015 811 perveterem
1030 723 1197 802 tumemus,
1219 729 1275 816 qui
1288 731 1326 795 L.
1344 729 1480 807 biarcio,

152 821 204 884 Μ’.
227 818 355 884 Manilio
384 818 564 882 oonsulibus
591 827 734 884 mortuus
763 827 828 895 est,
859 820 949 887 annis
971 840 1115 886 uxxxvr.
1139 821 1215 908 ipsis
1237 834 1309 892 ante
1331 846 1382 891 me
1404 845 1483 891 eou-

152 914 265 978 sulem.
310 915 393 977 xvi.
425 914 489 976 Nec
519 934 595 976 vero
625 914 730 978 babeo
757 932 946 999 quemquam
973 914 1202 999 antiquiorem,
1238 918 1328 985 cuius
1349 922 1481 1006 quidem

152 1008 267 1092 scripta
295 1004 485 1091 proferenda
514 1015 640 1091 putem,
673 1005 735 1070 uisi
765 1026 858 1091 quem
887 1006 982 1091 hppii
1004 1007 1098 1074 Caeci
1125 1012 1227 1074 oratio
1249 1015 1326 1080 haec
1348 1016 1417 1101 ipsa
1438 1016 1479 1078 de

149 1101 272 1186 Pyrrho
305 1107 337 1164 et
367 1097 536 1163 nonnullae
569 1107 767 1165 mortuorum
799 1099 993 1167 laudationes
1022 1100 1105 1168 forte
1123 1104 1300 1172 delectant.
1351 1111 1404 1172 62:
1439 1111 1481 1172 Et

113 1192 294 1261 roboreules
317 1215 373 1259 eae
395 1193 523 1281 quidem
546 1201 684 1259 exstant:
717 1196 804 1279 ipsae
834 1197 917 1260 euim
944 1192 1080 1261 lamiliae
1102 1217 1160 1262 sua
1182 1199 1271 1283 quasi
1293 1209 1481 1266 ornamenta

149 1310 187 1355 ac
208 1296 410 1355 monumenta
432 1284 599 1353 servabant
621 1296 652 1353 ct
668 1286 708 1352 ad
723 1308 834 1363 usum,
857 1287 974 1375 siquis
993 1287 1132 1355 eiusdem
1150 1295 1276 1376 generis
1295 1295 1477 1371 occidisset,

150 1393 182 1449 et
214 1385 253 1447 ad
285 1384 469 1447 memoriam
498 1381 626 1446 laudum
655 1381 895 1447 domesticarum
925 1391 956 1446 et
978 1382 1018 1448 ad
1039 1382 1257 1452 illustrandam
1278 1388 1476 1455 nobilitatem

148 1498 249 1544 suam.
295 1479 493 1563 Quamquam
514 1475 562 1540 his
584 1475 814 1540 laudationibus
835 1476 966 1541 historia
988 1497 1096 1544 rerum
1118 1489 1299 1547 nostrarum
1321 1492 1370 1549 est
1392 1481 1474 1548 lacta

147 1572 340 1638 mendosior.
393 1569 491 1636 blulta
513 1573 595 1635 euim
617 1572 733 1656 scripta
753 1583 826 1636 sunt
846 1569 880 1635 in
902 1573 965 1646 eis,
994 1574 1179 1659 quaefacta
1199 1596 1264 1641 non
1286 1585 1375 1654 sunt,
1405 1575 1477 1643 lalsi

111 1681 140 1725 1⁵
148 1666 317 1752 triumphi,
341 1664 448 1751 plures
469 1665 663 1740 consulatus,
696 1686 814 1750 genera
841 1664 935 1729 etiam
956 1665 1033 1732 lelna
1054 1676 1086 1735 et
1107 1674 1146 1734 ad
1168 1668 1295 1755 plebem
1319 1675 1480 1737 transitio-

148 1782 223 1837 nes,
247 1783 319 1826 cum
340 1759 482 1824 homines
503 1759 688 1825 humiliores
710 1761 741 1824 in
765 1759 901 1824 alienum
920 1761 1061 1827 eiusdem
1078 1763 1214 1830 nominis
1235 1764 1480 1832 infunderentur

148 1875 264 1942 genus:
289 1863 339 1928 ut,
363 1853 390 1919 si
412 1874 472 1938 ego
494 1877 545 1918 me
567 1875 585 1919 a
607 1858 658 1920 Μ’.
675 1855 778 1921 Tullio
800 1876 869 1919 esse
893 1856 1052 1931 dicerem,
1078 1858 1132 1942 qui
1151 1859 1301 1944 patricius
1317 1880 1387 1925 eum
1404 1863 1479 1925 Ser·

149 1951 201 2017 vio
225 1948 362 2036 Sulpicio
384 1947 493 2014 consul
523 1968 605 2014 anno
637 1952 760 2014 decimo
787 1955 859 2036 post
887 1956 1016 2015 exactos
1043 1970 1136 2036 reges
1158 1949 1227 2018 luit.
1275 1956 1325 2020 63.
1349 1953 1477 2022 Catonis

148 2055 252 2112 autern
276 2042 434 2108 orationes
456 2064 519 2106 nou
542 2042 646 2107 minus
668 2042 782 2108 multae
805 2040 872 2107 lere
894 2050 965 2108 suut
986 2064 1080 2128 wem
1103 2045 1196 2111 Attici
1221 2046 1352 2132 Lysiae,
1385 2050 1478 2115 cuius

111 2141 288 2205 soarbitror
310 2137 458 2223 plurimas
480 2158 566 2217 esse;
596 2145 643 2203 est
664 2139 747 2203 enirn
770 2139 909 2213 Atticus,
943 2136 1091 2223 quoniam
1113 2148 1199 2205 certe
1221 2140 1350 2208 hthenis
1374 2152 1423 2209 est
1444 2152 1476 2208 et

148 2243 239 2301 natus
268 2240 300 2299 et
322 2241 465 2297 mortuus
487 2240 519 2297 et
539 2231 664 2298 functus
686 2231 772 2299 omui
795 2231 910 2297 civium
932 2251 1081 2310 munerc3
1116 2254 1306 2322 quamquam
1327 2239 1476 2303 Timaeus

149 2350 221 2395 eum
253 2329 341 2413 quasi
364 2327 484 2390 Licinia
511 2335 543 2392 et
564 2329 664 2392 Mucia
693 2329 763 2413 lege
787 2325 902 2412 repetit
928 2327 1108 2411 Syracusas.
1150 2331 1191 2393 Et
1218 2334 1355 2416 quodam
1378 2335 1476 2398 modo

149 2433 198 2491 est
218 2423 371 2488 nonnulla
392 2421 425 2485 in
447 2423 495 2486 his
525 2422 619 2487 etiam
642 2422 723 2488 inter
744 2424 832 2505 ipsos
854 2418 1049 2486 similitudo:
1083 2422 1167 2488 acuti
1189 2431 1279 2501 sunt,
1303 2426 1474 2513 elegantes,

149 2519 259 2595 faceti,
293 2522 424 2595 breves3
459 2519 515 2582 sed
544 2516 596 2582 ille
628 2518 766 2582 Graecus
792 2514 832 2580 ab
861 2513 945 2579 omni
974 2514 1066 2580 laude
1095 2513 1227 2583 lellcior.
1283 2521 1335 2584 dl.
1371 2524 1477 2586 Habet

111 2617 232 2681 atenim
262 2622 365 2677 certos
394 2613 442 2676 sui
465 2610 639 2687 studiosos,
673 2612 726 2698 qui
748 2630 812 2674 non
834 2615 898 2672 mm
919 2606 1044 2675 babitus
1067 2610 1210 2697 corporis
1232 2615 1356 2700 opimos
1378 2637 1476 2700 quam

149 2708 338 2797 gracilitates
359 2713 597 2785 consectentur3
633 2727 730 2791 quos,
762 2702 910 2770 valetudo
931 2705 1027 2769 modo
1051 2706 1135 2770 bona
1156 2707 1214 2784 sit,
1248 2711 1383 2774 tenuitas
1404 2711 1474 2796 ipsa

148 2806 292 2872 delectat.
339 2805 535 2886 Quamquam
557 2803 588 2866 in
612 2800 704 2886 Lysia
725 2808 797 2864 sunt
817 2819 912 2881 saepe
935 2799 1029 2862 etiam
1051 2796 1175 2875 lacerti,
1198 2801 1244 2867 sic
1259 2811 1295 2867 ut
1310 2800 1380 2867 lieri
1393 2803 1472 2868 nihil

146 2902 246 2988 possit
261 2897 423 2964 valentius.
466 2897 583 2960 Verum
600 2903 647 2959 est
661 2901 747 2959 certe
763 2911 879 2977 genere
893 2899 960 2957 toto
976 2892 1158 2976 strigosior:
1182 2899 1239 2960 sed
1254 2898 1351 2960 babet
1365 2904 1472 2962 tamen

147 3016 222 3060 suos
244 2994 439 3063 laudatores,
462 2991 516 3073 qui
538 2992 596 3053 bac
619 2989 686 3072 ipsa
705 2986 773 3052 cius
787 2986 957 3051 subtilitate
971 2984 1141 3052 admodum
1157 2993 1325 3072 gaudeant.
1370 2994 1471 3058 xvu.

110 3094 199 3157 ³065.
232 3091 380 3154 Catonem
414 3103 492 3149 vero
515 3082 585 3167 quis
612 3091 794 3148 nostrorum
823 3088 1003 3156 oratorum,
1038 3083 1092 3165 qui
1120 3082 1248 3166 quidem
1276 3104 1360 3150 nunc
1388 3094 1471 3164 sunt,

146 3181 248 3268 legiti
280 3189 334 3246 aut
355 3178 425 3266 quis
447 3176 535 3242 novit
556 3178 710 3242 omnino‘l
740 3183 780 3242 at
802 3195 897 3260 quem
918 3175 1019 3240 virum
1031 3220 1041 3251 ,
1071 3173 1104 3239 di
1125 3179 1225 3241 bonil
1257 3181 1347 3244 mitto
1370 3180 1471 3246 civem

147 3285 202 3344 aut
221 3285 399 3343 senatorem
423 3281 476 3338 aut
504 3273 752 3355 imperatorem:
790 3278 949 3336 oratorem
979 3269 1062 3333 euim
1091 3268 1151 3335 boc
1173 3271 1244 3339 loco
1266 3277 1470 3362 quaerimus;

147 3373 218 3457 quis
246 3370 300 3435 illo
323 3368 450 3454 gravim
470 3368 504 3431 in
526 3363 708 3430 laudando?
742 3362 887 3430 acerbior
907 3364 941 3430 in
970 3364 1207 3448 vituperando?
1243 3367 1276 3432 in
1309 3371 1472 3434 sententiis

146 3464 310 3551 argutiorr
338 3463 371 3528 in
394 3459 535 3526 docendo
557 3459 825 3544 edisserendoque
846 3460 1015 3525 subtiliori
1050 3461 1195 3526 Refertae
1217 3472 1290 3529 sunt
1311 3466 1471 3529 orationes

110 3559 281 3645 etamplius
302 3566 427 3624 centum
442 3554 680 3643 quinquaginta,
703 3574 781 3641 quas
800 3551 930 3638 quidem
951 3555 1054 3618 adbuc
1074 3553 1249 3621 invenerim
1272 3567 1305 3623 et
1324 3558 1469 3644 legerim,

148 3664 181 3722 et
200 3654 304 3721 verbis
326 3659 360 3719 et
379 3648 474 3716 rebus
495 3648 680 3717 illustribus.
735 3650 824 3712 Licet
845 3667 885 3712 cx
907 3646 954 3712 bis
977 3647 1094 3733 eligant
1113 3669 1169 3726 ea,
1205 3671 1285 3736 quae
1307 3654 1469 3717 notatione

147 3759 180 3816 et
193 3748 286 3815 laude
301 3746 395 3832 digna
409 3747 493 3821 sint,
516 3765 626 3811 omnes
641 3741 798 3809 oratoriae
813 3741 944 3808 virtutes
958 3741 992 3807 in
1012 3745 1051 3806 iis
1071 3743 1281 3827 reperientur.
1327 3751 1380 3811 66.
1403 3749 1471 3811 lam

145 3865 225 3912 vero
248 3841 393 3927 Origines
415 3841 483 3904 eius
505 3860 597 3924 quem
620 3841 730 3904 liorem
746 3846 800 3902 aut
813 3838 898 3924 quod
912 3835 1017 3901 lumen
1031 3836 1231 3924 eloquentiae
1245 3860 1310 3906 nou
1325 3843 1467 3906 babenti

147 3942 312 4004 Amatores
335 3936 407 4001 huic
429 3938 557 4007 desunt,
579 3934 670 3999 sicuti
692 3931 797 3998 multis
818 3933 881 3997 iam
895 3938 967 3995 ante
983 3931 1094 3996 seculis
1109 3941 1141 3997 et
1155 3931 1285 3999 Philisto
1302 3933 1468 4023 Syracusio

109 4033 261 4117 nosipsi
282 4027 466 4114 Thucydidi.
507 4031 604 4104 Nam,
634 4036 670 4092 ut
689 4032 803 4094 borum
824 4024 958 4091 concisis
980 4025 1157 4102 sententiis,
1187 4027 1345 4095 interdum
1373 4027 1468 4094 etiam

215 4225 242 4274 Ε.
260 4222 405 4274 sonantibus
422 4220 577 4271 Manuttus:
596 4219 715 4270 consules
731 4219 787 4270 ΕΕ.
807 4216 889 4279 (Libri
908 4213 1012 4279 COSS.)
1031 4239 1059 4252 -
1088 4217 1115 4269 d.
1134 4231 1242 4270 urani.
1262 4219 1309 4286 Lg.
1328 4221 1373 4272 56.
1394 4232 1464 4271 corr.

145 4294 174 4346 Β.
193 4301 220 4346 et
237 4298 299 4345 ttern
313 4306 381 4345 corr.
400 4293 465 4343 bt:
484 4303 587 4342 urxrarr
604 4303 663 4341 cum
683 4293 778 4342 ceteris
797 4289 881 4340 Codd.
894 4288 926 4339 Ε.
945 4312 973 4326 ··
994 4287 1021 4339 8.
1039 4290 1128 4340 nisisi
1138 4289 1285 4342 hlanuttut.
1306 4317 1335 4329 -
1357 4293 1400 4342 1⁰.
1420 4304 1467 4343 aas

146 4367 213 4418 ven.
234 4366 259 4415 1.
279 4366 322 4415 lta
355 4363 482 4414 bue'eum
501 4365 595 4414 eeterts
613 4362 644 4411 Ε.
673 4359 737 4422 (Eue
756 4366 795 4412 eat
812 4359 882 4411 ldem
901 4360 956 4410 tere
980 4365 1061 4423 atque
1086 4362 1233 4412 «eiusmodi
1261 4362 1464 4422 laudattoues»;

146 4438 196 4487 hoe
213 4436 301 4486 toret:
323 4441 472 4499 uquotquot
490 4433 593 4484 habitae
611 4437 707 4490 suuta3
727 4432 752 4482 td
772 4431 841 4495 quod
862 4428 998 4492 probabile
1017 4443 1070 4481 non
1089 4438 1138 4483 est·
1158 4427 1221 4492 On.)
1240 4456 1275 4466 -
1293 4435 1336 4484 15.
1357 4433 1393 4484 od
1409 4433 1465 4494 pie·

145 4507 203 4558 bera
215 4506 273 4556 ltbrl
290 4519 398 4557 omnes:
417 4519 435 4554 o
446 4505 518 4568 plebe
533 4502 622 4554 Lamb.
637 4503 670 4552 Ε.
691 4526 721 4537 -
741 4502 785 4552 18.
805 4502 894 4552 consul
913 4500 971 4551 ltbrl
991 4513 1082 4554 omnes
1104 4509 1132 4553 et
1148 4502 1189 4553 li:
1209 4502 1312 4554 concute
1330 4516 1388 4554 cum
1407 4506 1463 4556 lac.

147 4577 280 4628 Gronorlo
299 4576 330 4624 Ε.
349 4600 383 4611 -
410 4576 454 4626 lu.
473 4577 525 4640 {ere
543 4574 601 4624 ltbrt
621 4581 648 4625 et
666 4573 707 4623 n:
735 4586 813 4623 ueros
830 4574 958 4635 Repetttt.
979 4571 1069 4623 Lamb.
1090 4572 1167 4623 Grut.
1187 4573 1218 4622 Ε.
1242 4598 1276 4610 -
1304 4574 1349 4624 2³.
1369 4576 1409 4625 bia
1427 4575 1462 4625 Ι).

145 4647 199 4698 Gn.
219 4650 244 4697 1.
264 4645 376 4696 bamba
405 4648 439 4695 tta
456 4658 517 4696 eum
536 4644 630 4696 ceteris
648 4644 680 4694 Ε.
710 4668 741 4680 -
771 4644 816 4693 ΕῚ.
835 4644 946 4696 datsetm
963 4643 1042 4694 llbrtc
1069 4643 1213 4695 delectarit
1238 4646 1309 4696 cont.
1336 4670 1370 4682 -
1399 4650 1464 4695 suat

144 4730 225 4780 coepe
244 4717 302 4768 ltbrl
322 4729 430 4777 omnes,
448 4716 493 4767 Rs
522 4728 599 4779 saepe
616 4720 679 4764 eunt
697 4713 772 4765 Grut.
793 4715 825 4765 Ε.
845 4741 877 4752 -
906 4714 1463 4779 ³1.utLg.8.5t.ver.1.=dtteum

146 4790 240 4841 retorta
259 4788 290 4838 Ε.
309 4812 343 4822 -
370 4786 416 4837 tt).
435 4788 572 4837 raoteotttr
588 4785 719 4837 interdum
737 4787 833 4843 umor,
860 4797 915 4838 oon
932 4787 999 4838 rotie
1016 4789 1117 4852 opertta
1133 4789 1221 4838 mem
1237 4800 1295 4840 euos
1313 4785 1364 4840 Gu.
1384 4787 1409 4837 1.
1433 4786 1460 4840 Ε.

144 4858 242 4914 Dresd.
262 4856 350 4925 (Peter
366 4869 473 4922 pravum
491 4857 559 4911 bano
576 4859 636 4911 leot.
655 4857 776 4918 reecpit.)
