3216 5400
193 187 254 258 lto
687 185 742 254 DE
769 182 1014 253 INVENTIONE

190 352 222 418 8.
246 346 478 436 Discipulorum
499 350 601 412 autem
622 351 716 433 atque
736 367 864 423 eorum,
889 347 943 430 qui
964 343 1106 432 protinus
1127 343 1168 412 ab
1188 345 1248 412 bac
1261 357 1333 415 sunt
1347 348 1512 437 disciplina

189 444 343 534 proiecti,
376 445 473 508 multa
502 443 541 506 de
569 448 636 505 arte
657 448 822 527 praecepta
844 443 1030 527 reperimus.
1075 442 1132 505 ΙΙΙ.
1165 442 1213 506 Ex
1239 444 1288 507 bis
1314 447 1436 509 duabus
1465 444 1513 509 di-

189 541 289 605 versis
310 538 401 604 sicuti
422 533 565 610 familiis,
587 555 718 622 quarum
739 535 838 601 altera
859 556 931 602 cum
952 543 1132 601 versaretur
1145 533 1178 600 in
1192 537 1412 621 philosophia,
1434 557 1513 603 non-

190 632 307 699 nullam
328 629 505 699 rhetoricae
527 648 654 715 quoque
675 631 749 694 artis
771 628 831 693 sibi
853 648 959 693 curam
981 632 1178 706 assumebat,
1201 629 1297 696 altera
1315 653 1394 698 vcro
1410 632 1513 698 omnis

168 725 223 793 sin
255 726 378 792 dicendi
410 732 477 790 erat
508 722 611 788 studio
640 732 673 790 et
698 725 919 809 praeceptione
947 732 1115 809 occupata,
1152 744 1249 790 unum
1276 725 1435 810 quoddam
1466 734 1514 790 est

190 823 358 887 condatum
386 839 486 903 genus
514 839 534 883 a
561 817 805 904 posterioribus,
840 817 895 905 qui
923 821 962 882 ab
988 820 1132 905 utrisque
1153 839 1209 896 ea,
1245 841 1326 906 quae
1347 824 1512 885 commode

190 915 252 982 dici
273 915 479 991 videbantur,
502 914 535 978 in
557 933 630 978 suas
651 922 733 978 artes
755 914 972 989 contulerunt3
1002 932 1082 999 quos
1104 914 1188 996 ipsos
1210 912 1418 1000 simulatque
1440 913 1512 978 iilos

189 1013 368 1096 superiores
394 1029 452 1076 nos
483 1008 575 1074 nobis
603 1028 728 1084 omnes,
762 1008 866 1093 quoad
893 1003 1024 1069 facultas
1054 1006 1142 1081 tulit,
1175 1011 1398 1094 proposuimus
1419 1017 1512 1073 etex

189 1111 297 1171 nostro
320 1123 445 1191 quoquc
466 1099 607 1167 nonnihil
628 1101 660 1166 in
689 1120 855 1166 commune
883 1098 1082 1165 contulimus.
1127 1103 1159 1165 9.
1192 1101 1313 1180 Quodsi
1340 1123 1396 1178 ea,
1431 1122 1534 1188 quac'

150 1200 221 1265 min
243 1198 291 1264 his
312 1197 402 1263 libris
424 1203 642 1282 exponuntur,
676 1204 760 1261 tanto
788 1213 886 1280 opere
915 1192 1059 1277 eligenda
1086 1193 1233 1272 luerunt,
1267 1203 1384 1282 quanto
1406 1195 1512 1261 studio

189 1295 288 1360 electa
308 1299 398 1369 sunt,
420 1290 563 1377 prolecto
586 1310 687 1377 neque
708 1309 767 1354 nos
787 1309 892 1376 neque
906 1286 984 1352 alios
997 1287 1171 1354 industriae
1187 1297 1311 1355 nostrae
1326 1289 1511 1374 poenitebit.

189 1388 244 1454 Sin
272 1394 376 1452 autem
403 1394 523 1450 temore
549 1383 666 1470 aliquid
695 1382 827 1449 alicuius
857 1384 1048 1468 praeterisse
1076 1391 1130 1448 ant
1158 1382 1325 1450 nonsatis
1355 1384 1513 1470 eleganter

188 1487 288 1550 secuti
309 1481 507 1556 videbimur,
541 1476 626 1544 docti
646 1475 686 1542 ab
708 1477 814 1565 aliquo
835 1475 927 1542 facilc
949 1485 981 1543 et
1001 1477 1138 1543 libenter
1160 1478 1420 1544 commutabimus
1442 1499 1513 1544 sen-

188 1580 330 1645 tentiam.
374 1578 446 1640 Non
467 1572 551 1638 enim
572 1593 683 1658 parum
706 1591 875 1657 cognosse,
909 1575 966 1637 sed
995 1573 1028 1636 in
1059 1592 1170 1657 parum
1200 1575 1326 1656 cognito
1359 1571 1452 1637 stulte
1481 1578 1513 1637 et

150 1693 179 1736 ss
189 1672 244 1740 diu
265 1690 482 1758 perseverasse
505 1675 597 1754 turpe
619 1675 682 1745 est;
718 1674 887 1756 propterea
908 1664 994 1753 quod
1014 1665 1147 1731 alterum
1169 1666 1330 1734 communi
1350 1668 1511 1732 bominum

187 1763 378 1840 infirmitati,
414 1761 548 1827 alterum
577 1759 729 1844 singulari
756 1762 851 1825 unius
873 1761 1025 1847 cuiusque
1047 1762 1125 1826 vitio
1148 1769 1197 1826 cst
1216 1759 1411 1827 attributum.
1459 1765 1509 1825 19.

189 1863 294 1940 Quare
326 1878 385 1924 nos
417 1858 544 1944 quidem
574 1857 642 1920 sine
669 1854 733 1920 ulla
763 1853 970 1921 affirmatione
1002 1854 1096 1921 simui
1126 1865 1312 1940 quaerentes
1334 1854 1513 1922 dubitanter

187 1955 455 2040 unumquodque
477 1948 634 2024 dicemus,
663 1968 722 2025 ne,
751 1950 825 2013 dum
847 1952 1011 2035 parvulum
1032 1953 1094 2016 hoc
1115 1949 1355 2037 consequimur,
1383 1958 1419 2015 ut
1439 1952 1512 2015 satis

188 2051 268 2114 baec
289 2043 453 2112 commode
474 2042 698 2130 perscripsisse
720 2043 899 2122 videamur,
921 2043 998 2109 illud
1019 2044 1213 2119 amittamus,
1234 2047 1320 2132 quod
1341 2043 1513 2109 maximum

151 2163 180 2205 so
190 2149 254 2217 est,
287 2148 324 2207 ut
351 2161 392 2204 ne
419 2136 470 2204 cui
497 2139 546 2202 rei
572 2145 691 2202 temere
712 2145 807 2223 atquc
829 2147 1011 2223 arroganter
1032 2137 1269 2209 assenserimus.
1311 2143 1431 2206 Verum
1452 2141 1513 2203 boc

189 2237 317 2323 quidem
336 2252 396 2299 nos
417 2241 448 2298 et
468 2231 502 2296 in
523 2233 586 2296 boc
606 2238 748 2317 tempore
770 2239 802 2296 et
823 2233 856 2296 in
878 2233 966 2299 omni
987 2235 1051 2300 vita
1072 2232 1231 2310 studiose,
1254 2236 1359 2319 quoad
1381 2232 1512 2298 facultas

188 2329 285 2406 ieret,
308 2346 550 2414 consequemur.
595 2329 682 2390 Nunc
703 2335 823 2406 autem,
844 2348 884 2392 ne
906 2330 1032 2412 longius
1054 2329 1155 2393 oratio
1170 2346 1339 2412 progressa
1353 2325 1510 2402 videatur,

190 2428 230 2492 dc
250 2422 399 2510 reliquis,
422 2442 503 2507 quae
525 2417 745 2507 praecipienda
767 2419 914 2487 videntur
935 2441 1022 2496 esse,
1045 2424 1196 2508 dicemus.

274 2520 325 2584 11.
361 2518 461 2602 igitur
488 2515 608 2601 primus
636 2512 733 2590 liber,
769 2515 914 2601 exposito
941 2536 1059 2602 genere
1087 2514 1181 2581 huius
1202 2514 1278 2581 artis
1300 2522 1332 2580 ct
1353 2514 1461 2582 officio
1482 2522 1514 2581 et

151 2610 252 2678 ssfine
274 2619 306 2676 ct
328 2608 458 2675 materia
486 2616 518 2673 et
542 2606 700 2694 partibus,
733 2629 850 2692 genera
878 2611 1166 2677 controversiarum
1194 2617 1227 2674 ct
1252 2608 1450 2677 inventiones
1482 2618 1514 2674 et

189 2707 426 2774 constitutiones
448 2711 480 2768 et
499 2704 706 2767 iudicationes
731 2704 925 2781 continebat,
958 2704 1071 2770 deinde
1100 2711 1204 2791 partes
1234 2706 1386 2770 orationis
1418 2711 1451 2768 et
1479 2703 1513 2768 in

190 2822 244 2868 cas
265 2820 374 2864 omnes
395 2799 503 2863 omnia
525 2795 700 2882 praccepta.
746 2799 851 2874 Quare
881 2818 952 2864 cum
974 2798 1008 2863 in
1029 2818 1067 2864 eo
1090 2800 1203 2864 ceteris
1225 2796 1381 2865 derebus
1403 2798 1513 2863 distin-

191 2897 270 2963 ctius
290 2894 407 2960 dictum
428 2892 485 2968 sit,
514 2889 656 2977 disperse
679 2898 783 2957 autem
804 2889 844 2957 dc
866 2891 1104 2959 confirmatione
1128 2901 1159 2958 et
1181 2896 1221 2959 de
1242 2895 1512 2979 reprehensione,

191 3012 274 3056 nunc
305 2996 408 3054 certos
435 2983 640 3051 confirmandi
668 2992 700 3048 et
727 2985 979 3070 reprehendendi
1007 2985 1042 3053 in
1068 2986 1192 3072 singula
1211 3008 1376 3054 causarum
1399 3009 1514 3072 genera

154 3087 279 3151 sclocos
301 3078 468 3148 tradendos
489 3079 691 3145 arbitramur.
734 3081 774 3142 Et
795 3078 886 3163 quia,
914 3100 978 3166 quo
999 3087 1091 3166 pacto
1112 3083 1238 3147 tractari
1260 3084 1444 3166 conveniret
1465 3103 1515 3147 ar-

192 3178 460 3263 gumentationes,
489 3172 523 3239 in
544 3170 626 3238 libro
648 3171 750 3258 primo
770 3194 835 3238 non
855 3172 1058 3262 indiligenter
1079 3174 1258 3259 expositum
1280 3184 1344 3252 est,
1375 3175 1426 3243 bic
1446 3185 1515 3242 tan-

191 3278 258 3336 tum
279 3269 347 3354 ipsa
366 3273 491 3334 inventa
512 3286 607 3332 unam
628 3286 784 3350 quamquo
805 3265 839 3332 in
860 3290 929 3334 rem
950 3277 1149 3353 exponentur
1168 3269 1353 3354 simpliciter
1366 3270 1435 3336 sine
1449 3274 1515 3336 nlla

193 3361 413 3439 exornatione,
447 3368 482 3427 ut
511 3383 553 3427 ex
579 3358 640 3425 boc
667 3359 796 3426 inventa
828 3360 913 3445 ipsa,
954 3384 994 3429 ex
1026 3363 1192 3448 superiore
1223 3374 1328 3430 autem
1360 3365 1514 3452 expolitio

192 3457 390 3523 inventomm
411 3462 545 3542 petatur.
591 3455 695 3530 Quare
716 3455 813 3531 baec,
847 3478 927 3540 quae
949 3478 1033 3524 nunc
1053 3461 1304 3546 praecipientur,
1339 3459 1381 3526 ad
1401 3458 1515 3527 confir·

156 3551 338 3620 asmationis
360 3557 392 3616 et
411 3547 668 3633 reprehensionis
689 3557 795 3634 partes
817 3552 936 3617 referre
961 3551 1131 3635 oportebit.

276 3647 329 3712 IV.
368 3649 418 3709 19.
453 3643 561 3709 Omnis
590 3652 622 3708 ct
648 3643 889 3712 demonstrativa
915 3653 947 3711 ct
967 3645 1173 3715 ddibarasiva
1193 3657 1226 3714 et
1244 3648 1400 3715 iudicialis
1422 3671 1515 3716 causa

193 3759 321 3808 neccsse
349 3745 397 3804 est
424 3738 457 3804 in
486 3737 590 3823 aliquo
620 3758 763 3815 corum,
783 3761 863 3826 quae
892 3748 963 3807 ante
995 3742 1139 3827 exposita
1159 3751 1249 3822 sunt,
1284 3743 1514 3810 constitutionis

193 3854 329 3920 genere,
354 3853 417 3899 uno
438 3830 640 3916 pluribusve,
663 3840 818 3899 versetur.
862 3836 932 3902 Hoc
953 3856 1142 3920 quamquam
1163 3839 1208 3904 its
1227 3846 1292 3915 est,
1316 3847 1423 3904 tamen
1444 3859 1514 3904 cnm

194 3926 402 3994 communiter
432 3928 585 4014 quaedam
613 3924 653 3991 de
683 3928 829 3992 omnibus
856 3931 997 4015 praecipi
1018 3932 1154 4016 possint,
1188 3933 1359 4017 separatim
1388 3953 1515 4019 quoqne

160 4024 274 4100 sualim
295 4027 367 4086 sunt
388 4021 538 4106 cuiusque
561 4019 684 4103 generis
706 4030 737 4085 et
759 4019 900 4087 diversae
928 4028 1181 4108 praeceptiones.
1225 4027 1320 4092 Aliud
1341 4027 1426 4093 enim
1447 4030 1515 4092 laus

194 4127 248 4186 aut
276 4116 482 4202 vituperatio,
518 4112 602 4178 aliud
629 4113 804 4180 sententiae
831 4114 942 4194 dictio,
978 4116 1062 4185 aliud
1091 4123 1248 4188 ademario
1276 4129 1331 4187 aut
1356 4121 1513 4188 recusatio

194 4208 351 4278 conficere
372 4211 477 4274 debet.
522 4208 559 4271 111
579 4206 723 4285 iudiciis,
747 4209 823 4294 quid
836 4230 971 4294 acquum
985 4211 1043 4290 sit,
1067 4214 1247 4299 quaeritur,
1270 4215 1304 4281 in
1319 4219 1515 4283 demonstra·

192 4303 351 4382 tionibus,
380 4302 456 4388 quid
476 4304 663 4379 honestum,
694 4301 727 4367 in
749 4300 1046 4385 deliberationibus,
1069 4315 1106 4373 ut
1125 4329 1184 4375 nos
1205 4310 1411 4385 arbitramur,
1439 4309 1514 4395 quid

263 4563 290 4614 9.
309 4565 403 4617 nostro
419 4559 498 4612 ear.
519 4583 549 4598 ··
576 4558 619 4610 13.
639 4560 853 4611 commutabimus
876 4565 1031 4615 sententium
1054 4564 1091 4615 Pa
1124 4567 1281 4619 sententium
1298 4565 1516 4618 commutabimus

193 4633 297 4685 ARTE.
317 4660 346 4672 -
368 4632 409 4685 19.
429 4633 491 4684 base
508 4631 641 4682 commode
658 4631 766 4683 VPAT:
787 4633 835 4683 lsoo
852 4634 984 4685 commode
1002 4635 1045 4696 It,
1065 4640 1196 4689 commode
1214 4640 1277 4690 tsusc
1295 4639 1327 4689 Ε.
1347 4660 1381 4676 -
1403 4639 1447 4690 lt.
1466 4649 1515 4687 nos

195 4717 255 4756 cum
274 4705 377 4756 dnobus
396 4703 521 4756 Grouostl
540 4715 648 4767 unoque
666 4703 751 4754 Onon.
770 4709 896 4766 erpunrtt
914 4706 975 4756 Scb.
994 4706 1106 4760 Servent
1124 4712 1217 4760 nostrl.
1245 4735 1273 4748 -
1308 4709 1354 4760 99.
1374 4715 1399 4760 st
1417 4711 1515 4760 constt-

193 4777 307 4826 tuts'onss
326 4789 379 4826 om.
397 4774 431 4824 It.
445 4799 477 4811 -
495 4781 520 4828 st
538 4773 710 4826 iudicationes
728 4787 780 4824 om·
799 4773 886 4836 alm
905 4784 1048 4841 utrumque
1066 4778 1119 4830 dcl.
1139 4779 1222 4839 Scb.;
1250 4785 1339 4832 serrat
1350 4779 1513 4843 Victorinus,

194 4852 265 4898 certe
283 4848 309 4896 ln
328 4845 461 4899 lemmate.
481 4869 514 4884 -
531 4844 576 4897 dt).
596 4849 691 4897 stom.
709 4844 787 4896 Par.
809 4869 839 4884 -·
857 4847 902 4899 ts.
921 4845 980 4914 uut]
999 4849 1075 4902 abaci
1091 4850 1172 4909 ΛΒΤ.
1192 4874 1224 4890 -
1243 4847 1303 4916 uut]
1322 4851 1401 4904 atiud
1418 4851 1452 4905 R.
