3232 5392
659 203 695 268 C.
719 206 773 269 77.
796 205 849 270 78.
874 206 927 271 79.
1395 210 1467 275 389·

213 368 283 432 lloc
302 361 525 441 locolltticus,
548 365 694 430 Putarem
715 370 763 438 te,
786 363 905 449 inquit,
928 360 1129 431 ambitiosum
1143 385 1231 441 esse,
1255 363 1300 442 si,
1324 372 1360 431 ut
1378 366 1460 433 dixi-

128 465 185 537 sti,
207 461 248 535 ii,
273 478 354 544 qnos
374 457 492 522 iamdiu
515 458 653 543 colligis,
686 459 839 523 viverent.
885 458 1003 525 Omnes
1025 461 1109 527 enim
1131 479 1377 534 commemoras,
1404 460 1459 545 qui

128 555 197 623 ausi
219 553 388 638 aliqnando
409 561 481 617 sunt
501 560 618 618 stantes
639 552 745 638 loqui,
769 560 805 618 nt
826 552 901 616 mibi
918 552 1101 637 imprudens
1122 556 1166 619 ld.
1185 554 1352 620 Servilium
1366 574 1460 640 prae-

128 650 240 717 terisse
260 646 401 713 videare.
445 648 616 712 LXXVlll.
639 650 714 712 270.
743 650 829 721 Non,
851 648 997 731 inquam,
1026 669 1087 731 ego
1109 647 1189 713 istuc
1210 651 1343 733 ignoro,
1366 653 1460 714 Porn-

126 744 219 832 poni‚
252 744 368 809 multos
394 739 508 818 luisse,
540 743 595 828 qui
624 739 757 806 verbum
783 761 944 827 nunquam
974 743 1008 806 iu
1034 741 1160 827 publico
1181 739 1347 819 fecissent,
1385 764 1482 809 cums

127 839 240 908 melius
261 837 422 923 aliquanto
442 844 572 924 possem
593 857 687 922 qnam
709 836 763 902 isti
784 845 944 909 oratores,
972 855 1052 919 qnos
1074 836 1211 920 colligo,
1242 839 1368 903 dicere:
1402 834 1460 903 sed

127 938 178 1003 bis
208 929 495 1001 commemorandis
523 933 618 996 etism
647 930 724 995 illud
752 949 918 1016 assequor,
955 939 990 994 nt
1017 930 1198 1014 intelligatis
1225 931 1383 1017 primum,
1417 951 1460 998 ex

128 1030 215 1095 omni
236 1046 372 1094 numero
392 1046 487 1111 qnam
507 1044 573 1092 non
593 1024 683 1090 multi
704 1027 772 1089 ansi
789 1026 853 1090 sint
866 1023 989 1099 dicere,
1012 1023 1143 1100 deinde,
1166 1045 1205 1091 ex
1219 1024 1259 1091 iis
1273 1027 1349 1112 ipsis
1363 1028 1479 1112 qnam'

127 1124 218 1212 pauci
239 1122 357 1188 inerint
378 1120 471 1185 laude
493 1119 591 1204 digni.
635 1121 709 1184 271.
731 1122 840 1204 ltaque
862 1141 903 1184 nc
926 1117 984 1183 hos
1006 1118 1134 1204 quidem
1149 1119 1271 1204 equites
1285 1123 1456 1198 Romanos,

127 1215 245 1285 amicos
266 1224 405 1289 nosnos,
440 1215 494 1300 qni
514 1234 615 1299 nuper
636 1212 754 1278 mortui
776 1220 864 1287 sunt,
896 1214 931 1278 Ρ.
946 1213 1123 1279 Cominium
1145 1216 1359 1300 Spoletinum,
1393 1237 1498 1300 quom

127 1320 292 1380 accusante
321 1308 449 1375 delendi
478 1313 513 1375 C.
538 1308 736 1388 Cornelium
773 1308 806 1374 in
837 1329 900 1394 qno
928 1315 960 1372 et
981 1308 1190 1394 compositum
1211 1308 1335 1375 dicendi
1357 1329 1458 1395 genus

127 1418 160 1474 et
187 1427 259 1472 acre
286 1414 317 1471 et
344 1403 524 1491 expeditum
551 1403 627 1469 fuit:
664 1409 701 1469 Τ.
726 1403 855 1471 Accium
883 1404 1122 1479 Pisaurensem,
1157 1402 1245 1469 cuins
1267 1404 1460 1470 accusationi

126 1499 277 1586 respondi
298 1521 356 1586 pro
378 1503 415 1564 A.
437 1498 599 1574 Cluenti03
631 1501 684 1585 qni
708 1507 740 1564 et
760 1506 903 1563 accurate
926 1494 1051 1561 dicebat
1072 1505 1104 1561 et
1125 1499 1202 1562 satis
1224 1501 1353 1584 copiose
1375 1507 1457 1564 erat-

126 1618 189 1686 que
211 1603 372 1685 praeterea
394 1596 505 1659 doctus
526 1595 742 1678 Hermagorae
763 1591 959 1677 praeceptis,
984 1589 1098 1676 quibus
1120 1590 1178 1656 etsi
1196 1603 1380 1659 ornamenta
1394 1613 1459 1660 non

126 1691 201 1758 satis
222 1693 328 1774 opima
350 1687 493 1762 dicendi,
517 1695 639 1763 tamen,
663 1695 698 1751 ut
711 1689 819 1751 hastae
834 1685 983 1751 velitibus
996 1693 1191 1762 amentatae,
1215 1687 1260 1751 sic
1274 1697 1345 1773 apta
1361 1706 1496 1773 quae-as

126 1785 199 1851 dam
220 1793 253 1848 et
272 1791 379 1869 parata
399 1780 530 1865 singulis
553 1801 718 1847 cansamm
749 1778 918 1864 generibus
947 1788 1134 1865 argumenta
1163 1780 1338 1847 traduntur.
1381 1785 1456 1847 272.

126 1878 238 1946 Studio
269 1885 375 1942 antem
402 1875 560 1940 neminem
588 1896 646 1940 nec
676 1874 829 1941 industria
859 1875 981 1940 maiore
1009 1877 1163 1958 cognovi,
1201 1896 1389 1962 quamquam
1418 1896 1459 1941 nc

125 1972 255 2058 ingenio
276 1971 403 2059 quidem
426 1968 480 2054 qni
501 1968 705 2055 praestiterit,
735 1967 827 2034 facile
850 1969 1005 2045 dixerim,
1031 1969 1066 2036 C.
1081 1967 1207 2046 Pisoni,
1232 1989 1349 2053 genero
1371 1989 1456 2034 meo.

124 2067 250 2134 Nullum
273 2075 397 2149 tempus
417 2063 464 2128 illi
485 2083 624 2149 unquam
646 2066 777 2129 vacabat
797 2071 853 2130 aut
872 2082 891 2128 a
911 2060 1031 2128 lorensi
1045 2062 1183 2130 dictione
1197 2071 1251 2129 ant
1265 2084 1284 2128 a
1299 2084 1460 2128 commen-

125 2161 244 2227 tatione
273 2157 445 2224 domestica
472 2165 526 2223 sut
554 2156 763 2223 ascribendo
792 2165 845 2223 ant
866 2178 885 2222 a
906 2154 1085 2241 cogitando.
1130 2160 1240 2244 ltaque
1263 2166 1365 2225 tantos
1386 2178 1497 2242 pro-so

125 2275 233 2322 cessus
247 2251 419 2327 efficiebat,
442 2259 477 2317 ut
491 2252 637 2329 evolare,
661 2273 725 2317 nou
748 2270 918 2317 excurrere
938 2251 1118 2329 videretur3
1142 2262 1272 2339 eratque
1286 2250 1459 2318 verborum

126 2359 159 2416 ct
179 2348 319 2415 delectus
340 2345 467 2430 elegans
489 2353 521 2411 et
542 2357 614 2431 apta
635 2354 668 2410 et
689 2347 779 2430 quasi
801 2348 936 2411 rotunda
958 2345 1169 2426 constructio;
1204 2368 1339 2436 cumque
1368 2367 1460 2432 argu-

125 2452 233 2511 menta
265 2438 523 2524 excogitabantur
552 2439 592 2504 ab
620 2460 658 2506 eo
688 2439 786 2505 multa
815 2447 847 2504 et
866 2438 957 2505 firma
978 2443 1018 2505 ad
1039 2438 1258 2526 probandum,
1293 2452 1359 2508 tum
1381 2463 1458 2508 con·

124 2543 236 2605 cinnae
257 2542 431 2621 acutaeque
454 2537 646 2612 sententiae;
668 2542 837 2620 gestusque
860 2541 972 2599 natura
992 2536 1215 2610 invenustus,
1237 2542 1273 2600 ut
1287 2556 1338 2602 ars
1353 2541 1458 2609 etiam,

125 2653 207 2718 qnae
221 2652 284 2696 non
299 2638 383 2705 erat,
407 2637 439 2694 et
454 2651 471 2693 e
486 2629 650 2714 disciplina
663 2637 767 2693 motus
789 2626 917 2714 quidam
939 2626 1101 2695 videretur
1123 2628 1284 2697 accedere.
1327 2633 1457 2707 Vereor,
1468 2654 1496 2697 ss

124 2748 166 2792 nc
188 2745 296 2790 amore
317 2724 427 2789 videar
448 2722 557 2807 plura,
581 2744 675 2808 quam
696 2723 814 2788 luerint
836 2723 868 2788 in
890 2721 966 2800 illo,
990 2722 1112 2789 dicere:
1137 2724 1224 2811 quod
1238 2747 1303 2791 nou
1324 2729 1368 2790 ita
1390 2734 1456 2804 est3

125 2821 186 2887 alis
208 2821 291 2885 enim
314 2820 354 2883 de
376 2817 431 2883 illo
454 2821 574 2884 maiora
596 2817 659 2883 dici
680 2827 823 2904 possunt.
868 2822 945 2883 Nam
967 2838 1026 2884 nec
1047 2819 1238 2885 continentia
1259 2840 1317 2885 nec
1341 2822 1459 2905 pietate

125 2937 184 2981 nec
211 2913 276 2979 ullo
307 2933 424 2998 genere
454 2913 579 2979 virtutis
608 2933 799 2999 quemquam
822 2915 963 2979 eiusdem
986 2912 1098 2978 aetatis
1120 2934 1192 2980 cum
1214 2916 1269 2979 illo
1292 2911 1459 2979 conferen-

126 3014 201 3077 dum
223 3017 312 3096 puto.
357 3010 501 3072 LXXIX.
525 3012 600 3073 273.
624 3011 688 3073 Nec
703 3028 781 3073 vero
802 3011 845 3073 ld.
864 3006 1003 3074 Caelium
1025 3011 1288 3094 praetercundum
1303 3009 1456 3083 arbitror,

126 3124 333 3191 quaecunque
356 3105 425 3167 eius
446 3102 480 3167 in
502 3103 589 3168 exitu
611 3101 661 3167 vel
683 3100 809 3167 fortuna
831 3101 883 3167 vel
904 3123 994 3167 mens
1015 3101 1091 3181 init;
1113 3105 1167 3189 qni
1183 3101 1333 3188 quamdiu
1351 3110 1495 3168 aucto-co

125 3201 210 3265 rituti
231 3218 321 3264 meae
343 3199 459 3281 paruit,
483 3197 553 3261 talis
575 3196 721 3263 tribunus
743 3196 785 3281 pl.
801 3195 877 3272 fuit,
908 3205 943 3263 ut
965 3217 1059 3264 nemo
1081 3206 1192 3263 contra
1215 3197 1332 3263 civium
1353 3196 1459 3284 perdi-

126 3303 230 3359 torum
259 3291 445 3378 popularem
476 3294 752 3377 turbulentamque
785 3290 975 3357 dementiam
1002 3313 1022 3356 a
1049 3302 1160 3358 senatu
1190 3301 1222 3359 et
1249 3313 1268 3357 a
1297 3294 1457 3358 bonorum

126 3408 221 3452 cansa
242 3389 364 3452 steterit
385 3389 597 3463 constantium
635 3408 728 3474 quam
751 3386 821 3451 eius
842 3385 995 3452 actionem
1017 3388 1149 3453 multum
1172 3395 1278 3452 tamen
1299 3395 1332 3451 ct
1351 3385 1458 3471 splen·

126 3484 199 3548 dida
229 3491 262 3547 et
289 3480 414 3566 grandis
441 3490 475 3546 et
503 3485 613 3547 eadem
641 3483 795 3567 imprimis
821 3479 924 3545 laeeta
952 3489 984 3545 et
1008 3479 1188 3567 perurbana
1215 3479 1456 3548 commendabat

126 3578 241 3641 oratio.
286 3578 403 3642 Graves
424 3578 492 3641 eius
513 3579 676 3642 contiones
704 3576 824 3662 aliquot
848 3576 996 3651 inerunt,
1030 3595 1119 3641 acres
1147 3576 1363 3642 accusationes
1392 3584 1492 3642 tressa

126 3691 247 3757 eaeque
269 3691 380 3736 omnes
401 3691 441 3735 ex
462 3669 509 3736 rei
530 3671 676 3755 publicae
698 3669 900 3735 contentione
928 3679 1112 3754 snsceptne;
1150 3670 1364 3745 defensiones,
1397 3673 1456 3736 etsi

125 3765 181 3830 illa
203 3775 292 3830 erant
312 3765 344 3831 in
366 3785 405 3831 eo
428 3765 578 3842 meliora,
609 3786 691 3849 qnae
714 3763 797 3837 dixi,
830 3785 894 3830 non
916 3768 1166 3830 contemnendae
1186 3773 1294 3831 tumen
1317 3785 1455 3853 saneque

125 3859 319 3925 tolerabiles.
363 3861 440 3936 Hic,
476 3882 546 3924 cum
575 3880 696 3924 summa
718 3860 880 3926 voluntate
900 3861 1059 3925 bonorum
1081 3858 1193 3925 aedilis
1215 3860 1335 3926 curtilis
1356 3860 1456 3927 lectus

125 3963 223 4028 esset,
252 3957 361 4019 nescio
384 3957 545 4039 quomodo
568 3951 709 4018 discessu
730 3974 803 4019 meo
824 3952 968 4019 discessit
988 3974 1007 4018 a
1027 3973 1098 4019 sese
1120 3952 1313 4039 ceciditque,
1344 3964 1456 4038 postea

125 4068 218 4133 quam
240 4066 296 4112 eos
317 4048 433 4115 imitari
454 4051 574 4134 coepit,
596 4068 676 4133 qnos
697 4049 765 4131 ipse
787 4055 991 4131 perverterat.
1036 4049 1111 4113 271.
1135 4047 1197 4114 Sed
1213 4051 1253 4113 de
1274 4053 1318 4115 ll.
1334 4049 1454 4115 Calidio
1465 4067 1495 4109 so

125 4139 265 4207 dicamus
288 4141 422 4227 aliquid,
444 4145 498 4226 qni
520 4162 583 4207 non
604 4142 665 4208 luit
686 4151 795 4208 orator
816 4163 896 4208 unus
918 4161 937 4207 e
958 4142 1082 4219 multis,
1106 4145 1211 4230 potins
1233 4145 1318 4208 inter
1338 4143 1455 4210 multos

125 4255 227 4322 prope
257 4236 425 4320 singularis
452 4239 530 4314 lnit3
565 4237 608 4303 ita
637 4237 815 4302 reconditas
843 4236 1077 4324 exquisitasque
1104 4239 1276 4303 sententias
1298 4237 1402 4303 mollis
1424 4247 1457 4305 et

125 4329 285 4416 pellucens
306 4334 459 4397 vestiebat
480 4335 593 4397 oratio.
636 4334 720 4397 Nibil
744 4341 806 4396 tam
828 4341 972 4397 tenerum
994 4352 1089 4417 quam
1110 4332 1195 4398 illins
1216 4332 1457 4419 comprehensio

125 4428 316 4501 verborum,
341 4425 418 4490 nibil
441 4434 502 4491 tem
525 4426 679 4501 flexibile,
703 4427 800 4504 nibil,
822 4426 909 4514 quod
930 4427 1030 4513 magis
1050 4428 1149 4514 ipsius
1170 4424 1302 4492 arbitrio
1321 4424 1457 4510 lingere-

197 4644 224 4694 9.
243 4656 277 4694 ne
294 4645 340 4694 bos
357 4643 473 4710 quidem]
494 4647 628 4699 «Verbum
648 4649 692 4698 hle
711 4647 786 4700 deest
804 4656 832 4700 et
849 4648 1003 4700 addendum
1017 4648 1069 4700 tale
1082 4647 1230 4713 qntddamz
1250 4649 1457 4711 praetereundos

126 4715 268 4768 arbitror.»
296 4716 438 4768 Eussner.
471 4742 497 4754 -
530 4719 574 4768 ao.
601 4720 762 4768 traductor:
788 4717 925 4769 dudm·-
947 4719 1067 4784 coquent.
1105 4719 1269 4783 Quemquam
1289 4719 1320 4770 ll.
1350 4744 1381 4757 -
1411 4719 1455 4770 21.

125 4789 234 4852 genem
253 4785 307 4836 Gn.
321 4789 346 4837 1.
366 4788 396 4837 2.·
413 4787 501 4839 Peter.
522 4813 553 4825 -
572 4789 617 4840 12.
636 4802 719 4852 prope
739 4801 799 4842 cum
817 4789 853 4840 B.
873 4788 926 4841 tiu.
939 4791 965 4840 1.
986 4790 1013 4841 2.
1031 4788 1128 4841 Drcsd.
1148 4802 1201 4842 om.
1219 4790 1309 4842 Peter.
1346 4788 1380 4841 ur
1397 4803 1456 4853 nos,

126 4858 174 4922 lg.
194 4869 287 4909 omnes
304 4859 440 4926 cetertquc
458 4858 602 4922 Ellendttl,
620 4863 684 4913 ttem
696 4859 730 4914 R.
