3216 5400
144 206 209 275 ato
668 200 723 268 DE
756 201 943 268 ORATORE

144 369 281 445 nesciat,
305 368 442 433 eundem
462 366 530 431 eius
550 361 708 439 mulieris,
730 384 811 450 quae
833 361 1062 450 coemptionem
1083 360 1212 441 lecerit,
1235 384 1359 433 causam
1374 388 1469 455 posse

146 462 336 539 delendere;
370 482 446 538 nee,
481 461 508 524 si
535 458 625 544 parvi
654 460 770 544 navigii
797 466 829 524 et
860 458 967 543 magni
998 461 1114 570 eadenq
1137 458 1238 523 estin
1259 464 1469 545 gubernando

146 561 292 633 scientia,
328 556 447 622 idcireo
478 554 554 642 qui,
588 557 703 640 quibus
730 552 837 620 verbis
866 555 1011 619 heretum
1039 554 1116 618 ciem
1143 560 1300 639 oporteat,
1336 558 1470 634 neseiat,

146 645 232 720 idem
253 652 479 716 herciscundae
500 648 639 716 familiae
662 669 788 714 cansam
809 668 904 733 agere
925 667 990 712 non
1011 646 1121 731 possit
1165 650 1239 712 238.
1263 651 1359 727 Nam,
1383 654 1471 735 qnod

124 748 299 815 ‘maximas
326 745 568 810 centumvitales
597 762 706 809 causas
737 745 770 807 in
799 745 867 808 iure
888 743 1006 830 positas
1028 738 1204 828 protulisti,
1241 762 1322 828 quae
1343 746 1471 812 undem

148 861 256 909 earum
285 858 377 906 cansa
404 837 484 914 fuit,
519 858 600 922 quae
635 835 676 902 ab
705 835 832 902 bomine
866 836 1054 923 eloquente,
1092 835 1171 903 iuris
1202 840 1368 926 imperito,
1404 862 1472 908 non

147 938 345 1004 ometissimo
371 933 509 1023 potnerit
535 933 620 997 dicit
657 930 779 1009 Quibus
807 930 934 1016 quidem
960 933 994 997 in
1015 932 1117 998 causis
1138 931 1300 1008 omnibus,
1334 934 1416 1000 sieut
1437 939 1472 1003 in

146 1035 215 1120 ipsa
235 1036 287 1099 Μ’.
308 1033 411 1105 Curii,
448 1048 530 1113 quae
558 1024 615 1091 abs
641 1035 673 1090 te
693 1046 794 1114 nuper
816 1034 865 1091 est
885 1029 987 1103 dicta,
1021 1027 1106 1093 etin
1129 1028 1165 1093 C.
1189 1028 1313 1094 Hostilii
1334 1031 1472 1097 Mancini

148 1127 363 1193 controversia
391 1131 485 1208 atque
506 1120 540 1186 in
562 1141 602 1187 eo
623 1140 743 1208 puero,
778 1122 833 1206 qni
855 1121 1014 1187 exaltem
1036 1129 1126 1189 natus
1150 1130 1219 1188 eret
1244 1144 1367 1200 uxore,
1405 1145 1472 1190 non

110 1225 281 1289 ²⁰remisso
300 1221 412 1289 nuntio
433 1214 607 1303 superiori,
629 1213 689 1280 luit
709 1215 791 1279 inter
804 1214 1011 1301 peritissimos
1034 1216 1177 1282 homines
1199 1238 1318 1282 summa
1340 1221 1379 1283 de
1400 1219 1471 1285 iura

148 1318 315 1383 dissencio.
359 1317 433 1381 239.
470 1314 598 1390 Quaero
626 1308 741 1394 igitur,
776 1309 852 1394 quid
880 1313 1035 1375 adiuverit
1062 1320 1220 1377 oratorem
1242 1314 1275 1376 in
1296 1313 1345 1378 his
1367 1314 1471 1382 causis

147 1411 226 1483 iuris
247 1411 395 1484 seientia,
427 1425 499 1472 cum
520 1404 571 1469 bic
592 1406 668 1469 iuris
690 1407 851 1470 consultus
880 1407 1026 1491 superior
1047 1405 1143 1470 fuerit
1170 1406 1381 1484 discessnms,
1416 1412 1472 1495 qui

149 1513 233 1572 esset
259 1526 324 1571 non
352 1525 409 1569 suo
438 1498 592 1574 artifieio,
626 1502 682 1564 sed
711 1498 832 1576 alieno,
865 1501 927 1564 hoe
957 1508 1023 1576 est,
1057 1521 1122 1565 non
1149 1500 1228 1566 iuris
1255 1503 1386 1567 scientia
1416 1509 1472 1571 sed

150 1599 328 1687 eloquentia
360 1602 562 1663 sustentatus.
616 1592 772 1679 Equidem
800 1597 861 1658 hoe
892 1614 986 1680 saepe
1018 1594 1142 1671 audivi,
1178 1617 1251 1661 cum
1279 1597 1472 1663 aedilitatem

111 1709 140 1750 ²⁸
149 1698 183 1763 P.
206 1697 334 1759 Crassus
366 1697 490 1778 peteret
519 1707 655 1775 eumque
684 1687 795 1755 maior.
811 1696 889 1753 natu
918 1695 950 1752 et
981 1687 1043 1751 iam
1072 1689 1244 1754 consularis
1274 1693 1342 1757 Ser.
1374 1693 1473 1760 Galba

150 1796 373 1863 assentaretur,
397 1782 482 1871 quod
504 1783 606 1850 Crassi
627 1779 724 1846 filiam
747 1782 781 1846 C.
805 1779 869 1847 filio
892 1803 950 1848 sno
973 1783 1208 1869 despondisset,
1238 1786 1410 1852 accessisse
1433 1792 1473 1854 ad

151 1885 296 1949 Crassum
329 1876 512 1947 consulendi
544 1897 638 1942 cansa
675 1879 830 1963 quendam
859 1879 1072 1955 rusticanum,
1107 1881 1181 1964 qni,
1220 1900 1290 1945 cum
1325 1882 1473 1950 Crassum

150 1978 326 2044 seduxisset
352 1983 448 2059 atque
476 1975 515 2038 ad
545 1994 618 2037 eum
647 1971 818 2038 rettulisset
843 1991 1095 2060 responsumque
1117 1972 1156 2038 ab
1178 1993 1218 2039 eo
1238 1996 1350 2041 verum
1373 1980 1473 2064 magis

151 2094 245 2159 quam
273 2069 312 2136 ad
338 2090 427 2135 suam
454 2087 524 2132 rem
552 2071 822 2133 accommodatum
848 2064 1047 2144 abstulisset;
1082 2075 1117 2132 ut
1138 2087 1210 2133 eum
1233 2072 1351 2135 tristem
1376 2073 1474 2138 Galba

113 2170 245 2240 ocidit,
266 2164 395 2230 nomine
417 2162 586 2249 appellavit
606 2161 840 2248 quaesivitque,
863 2181 924 2246 qua
946 2164 985 2226 de
1007 2185 1041 2227 re
1063 2161 1103 2227 ad
1119 2163 1264 2229 Crassum
1286 2166 1472 2232 rettulisset.

67 2249 76 2264 ⁴
150 2263 200 2327 Ex
221 2253 284 2345 q'uo
306 2269 341 2324 ut
362 2259 499 2334 audivit,
522 2263 779 2343 commotumque
800 2265 836 2320 ut
855 2258 934 2319 vidit
955 2259 1134 2335 bominem,
1160 2260 1334 2344 Suspenso,
1359 2262 1473 2346 inquit,

151 2356 256 2420 animo
284 2362 315 2419 et
336 2359 489 2438 occupato
514 2353 658 2416 Crassum
679 2349 737 2416 tibi
757 2348 960 2435 respondisse
981 2352 1092 2416 video:
1131 2353 1204 2417 ato.
1235 2352 1347 2418 deinde
1370 2356 1475 2440 ipsum

153 2451 297 2515 Crassum
318 2469 414 2513 manu
434 2444 603 2534 prehendit
617 2453 666 2521 et,
690 2448 777 2510 Heus
792 2453 838 2519 tu,
859 2447 979 2529 inquit,
1003 2444 1079 2531 quid
1101 2443 1159 2510 tibi
1182 2449 1214 2511 in
1237 2455 1372 2512 mentem
1388 2451 1476 2513 venit

153 2546 197 2610 ita
224 2547 442 2629 responderet
478 2546 556 2606 Tum
579 2541 634 2606 ille
660 2537 792 2605 fidenter
816 2540 913 2604 homo
936 2538 1144 2625 peritissimus
1166 2538 1351 2607 confirmare
1375 2545 1419 2607 ita
1441 2564 1475 2610 se

115 2658 144 2701 es
153 2659 222 2706 rem
243 2640 379 2711 habere,
415 2643 450 2701 ut
480 2634 713 2721 respondisset,
747 2653 806 2699 nec
833 2631 963 2697 dubium
991 2653 1060 2699 esse
1087 2655 1193 2721 posse.
1240 2638 1339 2702 Galba
1370 2647 1476 2704 autem

153 2732 294 2799 alludens
315 2735 402 2798 varie
424 2739 456 2796 et
477 2734 605 2816 copiose
626 2730 740 2793 multas
762 2727 980 2791 similitudines
996 2726 1109 2793 afferre
1123 2729 1280 2817 multaque
1294 2752 1352 2818 pro
1368 2735 1477 2819 aequi·

152 2836 216 2894 tate
237 2835 346 2892 eontra
367 2827 416 2890 ius
439 2824 563 2902 dicere;
587 2833 682 2911 atque
704 2822 807 2896 illum,
830 2841 901 2887 cum
924 2820 1107 2888 disserendo
1128 2843 1185 2909 par
1207 2840 1353 2891 essenon
1369 2835 1477 2911 posset

155 2922 354 3010 (quamquam
383 2918 444 2984 suit
465 2920 595 2983 Crassus
623 2920 656 2981 in
683 2937 816 2982 numero
845 2915 1053 2994 disertorum,
1092 2921 1147 2982 sed
1169 2939 1226 3006 par
1248 2922 1364 2985 Galbae
1386 2924 1476 2987 nullo

154 3013 280 3100 modo),
304 3016 344 3078 ad
366 3021 509 3078 auctores
531 3011 710 3096 confugisse
732 3018 764 3075 et
784 3012 837 3086 id,
862 3014 946 3097 quod
967 3011 1036 3095 ipse
1058 3010 1190 3085 diceret,
1214 3022 1246 3077 et
1267 3013 1299 3078 in
1314 3016 1349 3078 P.
1366 3017 1474 3092 Mucii,

118 3112 260 3176 acfratris
289 3111 356 3185 sui,
402 3110 490 3173 libris
524 3117 556 3172 et
584 3106 617 3172 in
647 3109 722 3171 Sex.
756 3105 836 3170 Aelii
865 3105 1098 3171 commentariis
1125 3107 1276 3192 seriptum
1306 3109 1476 3195 protulisse

155 3223 192 3268 ae
224 3211 329 3268 nmen
360 3199 552 3267 concessisse
583 3202 701 3266 Galbae
728 3199 970 3282 disputationem
1001 3199 1061 3266 sibi
1086 3199 1281 3289 probabilem
1311 3211 1344 3267 et
1374 3223 1476 3290 prope

154 3318 263 3364 veram
284 3295 395 3363 videri.
438 3298 532 3361 LVll.
555 3297 630 3359 att.
659 3297 818 3371 Attamen,
849 3315 928 3381 quae
950 3316 1062 3361 causae
1083 3303 1156 3361 sunt
1176 3296 1348 3374 eiusmodi,
1381 3306 1417 3363 ut
1439 3298 1478 3365 de

156 3413 265 3458 earum
296 3391 365 3456 iure
391 3389 522 3455 dubium
551 3407 621 3453 esse
648 3407 712 3453 non
740 3388 854 3474 possit,
889 3389 1016 3454 omnino
1046 3393 1079 3454 in
1107 3390 1258 3456 iudicium
1280 3392 1390 3457 vocari
1411 3415 1478 3461 non

157 3485 269 3552 solent.
313 3488 395 3550 Num
417 3485 487 3569 quis
509 3505 548 3548 eo
570 3491 772 3559 testamento,
808 3486 894 3570 quod
915 3484 1139 3570 paterfamilias
1161 3493 1232 3550 ante
1254 3484 1344 3561 lecit,
1382 3508 1478 3572 quam

118 3583 186 3646 ³⁵ei
207 3578 289 3645 filius
310 3587 400 3643 natus
423 3585 523 3654 esset,
547 3576 754 3643 hereditatem
774 3580 874 3662 petit?
907 3582 1022 3658 Nemo;
1044 3581 1117 3664 qnia
1138 3588 1259 3645 constat
1280 3585 1478 3665 agnascendo

156 3674 258 3760 rumpi
273 3682 500 3740 tastamentum.
544 3675 630 3758 Ergo
650 3673 684 3737 in
705 3672 766 3739 boe
785 3693 903 3758 genere
924 3675 1000 3739 iuris
1021 3674 1135 3741 indicia
1156 3674 1241 3740 nulla
1263 3684 1345 3740 sunt.
1389 3679 1479 3743 Licet

156 3771 252 3854 igitur
273 3770 401 3853 impune
423 3768 541 3833 oratori
563 3788 689 3833 omnem
711 3771 792 3834 hanc
813 3776 934 3851 partem
955 3768 1034 3833 iuris
1055 3769 1078 3850 †
1099 3769 1133 3833 in
1150 3770 1373 3835 controversiis
1387 3773 1480 3856 igno·

156 3881 246 3935 rare,
273 3882 353 3947 qnae
374 3882 446 3948 pars
469 3864 536 3926 sine
558 3864 654 3927 dubio
676 3861 775 3928 multo
796 3862 932 3927 maxima
954 3873 1016 3930 est:
1054 3867 1126 3930 212.
1148 3867 1180 3928 in
1203 3885 1241 3931 eo
1263 3874 1367 3930 autem
1389 3865 1477 3943 iure,

157 3959 243 4044 quod
264 3958 434 4041 ambigitur
454 3956 537 4022 inter
557 3959 781 4043 peritissimos,
818 3978 882 4023 non
904 3967 951 4024 est
973 3956 1099 4024 difficile
1121 3958 1240 4025 oratori
1266 3959 1333 4025 eius
1361 3959 1476 4043 partis,

120 4067 377 4139 eoquamcunque
399 4049 562 4127 defendet,
586 4059 747 4117 auctorem
768 4051 905 4139 aliquem
925 4055 1086 4132 invenirc;
1109 4073 1205 4139 aquo
1220 4073 1290 4118 cum
1308 4063 1480 4120 amentatas

228 4223 255 4272 2.
274 4236 338 4272 nem
356 4228 380 4272 et
398 4223 421 4272 n·
437 4223 518 4285 poene·
534 4229 559 4272 et
575 4224 667 4288 moqne‘
683 4225 788 4288 nomqtt
804 4224 838 4275 It.
860 4251 890 4263 -
923 4223 949 4274 3.
969 4225 1081 4274 berctum
1101 4224 1165 4274 BR:
1197 4229 1296 4274 erctum
1314 4225 1353 4279 ll.
1387 4232 1479 4278 contre

157 4307 217 4346 mor
235 4293 305 4345 tdam
323 4293 513 4344 nonenoeane.
534 4317 565 4330 -
591 4294 617 4343 o.
638 4294 769 4359 eloquente
788 4295 872 4347 Codd.
892 4295 947 4346 ebe
966 4295 1096 4358 eloquenti
1112 4294 1191 4346 aas.
1210 4321 1245 4331 —
1264 4296 1292 4346 8.
1311 4300 1336 4346 et
1352 4302 1382 4346 ot
1399 4300 1429 4348 s’n
1446 4297 1478 4348 C.

160 4388 189 4398 —
220 4365 250 4415 Τ.
279 4365 375 4414 Loeitte'
399 4364 433 4415 It.
458 4388 492 4398 -
520 4364 562 4414 12.
589 4366 641 4430 sctit
668 4365 700 4414 Β.
731 4391 759 4404 -
793 4365 836 4417 13.
865 4366 940 4428 esset]
965 4369 1044 4417 ettam
1061 4367 1092 4416 B.
1122 4393 1152 4404 -
1184 4366 1231 4417 Vr.
1250 4368 1298 4416 bec
1314 4373 1353 4417 eet
1371 4395 1381 4406 -
1398 4393 1410 4405 ·
1426 4368 1480 4417 eto·

157 4437 266 4499 quentia
294 4441 414 4495 suspecte
442 4435 524 4485 Bakto
553 4434 627 4495 prob.
656 4435 798 4487 Ellendtto.
828 4460 858 4474 -·
889 4438 933 4488 15.
958 4441 982 4486 et
1007 4440 1061 4486 tem
1080 4436 1178 4488 Orettto
1203 4445 1310 4489 auctore
1329 4437 1371 4486 T:
1398 4438 1481 4487 etiem

158 4518 218 4556 cum
237 4505 309 4556 ltbrte
329 4505 385 4555 llll.
406 4530 437 4542 -
458 4505 501 4555 18.
521 4508 645 4568 quoniam
663 4506 695 4556 Β.
716 4532 746 4544 -
776 4503 1207 4571 20.nom1ne]ccnntterlleklus.
1231 4535 1259 4545 -
1289 4509 1333 4559 21.
1360 4513 1390 4557 ot
1417 4516 1479 4559 ente

156 4578 223 4625 etctt
240 4583 391 4637 suspectum
412 4576 553 4627 Ellendtto.
572 4601 604 4611 -
624 4575 667 4626 28.
686 4577 728 4627 sut
745 4573 805 4641 (ete)
825 4578 935 4629 Croesos
953 4578 1062 4643 fidenter
1080 4578 1112 4628 R.
1133 4602 1167 4614 -
1197 4578 1241 4628 27.
1261 4575 1350 4642 atque]
1369 4579 1480 4642 dentque

158 4646 266 4696 Bellus.
287 4671 319 4683 -
337 4646 381 4695 28.
401 4645 481 4708 {mne
499 4648 532 4698 R.
553 4671 584 4682 -
604 4645 648 4695 31.
669 4654 788 4698 ettamen
805 4648 861 4697 ott.
884 4675 912 4686 -
933 4647 977 4699 33.
996 4651 1026 4699 e'n
1043 4649 1141 4699 indicto
1159 4649 1190 4698 Β.
1211 4674 1242 4684 -
1273 4651 1318 4700 35.
1338 4655 1375 4699 eet
1394 4649 1425 4697 8.
1448 4672 1478 4685 -

157 4717 324 4778 opnoeeendo
343 4717 373 4765 8.
389 4741 420 4753 -
439 4717 483 4767 37.
503 4720 533 4768 e'n
550 4719 735 4767 controversiis
753 4730 812 4768 cum
831 4723 924 4771 coteste
943 4718 1014 4769 ltbrte
1032 4719 1154 4770 omnibus
1174 4720 1252 4770 BRT.
1272 4716 1325 4783 (hta
1344 4731 1402 4768 com
1422 4732 1481 4769 cor·

158 4785 277 4846 ruptetee
295 4783 397 4849 etgno)=
416 4788 609 4838 tncontrooerse'
620 4787 748 4838 Lembtno
761 4795 867 4840 erectore
878 4790 910 4846 a.
930 4793 976 4853 qut
995 4798 1082 4841 temen
1100 4789 1226 4848 recinam
1245 4804 1300 4841 non
1318 4789 1481 4840 controversi

158 4854 268 4908 Battus.
289 4879 317 4890 -
337 4855 381 4906 39.
402 4855 450 4923 eet]
469 4871 521 4910 esse
538 4858 571 4908 R.
593 4880 624 4892 -
642 4858 687 4908 40.
707 4857 825 4922 desendet
843 4859 864 4909 B
883 4861 1002 4926 etttque:
1021 4859 1144 4923 desendet
1161 4859 1219 4914 tut.
