3232 5392
160 223 223 287 ata
683 216 737 285 DE
771 220 957 286 otttTORE

162 413 231 459 esse
252 393 380 459 modum
404 397 436 458 et
458 386 662 456 mollitudinis
685 398 717 455 et
737 391 883 455 levitatis.
929 392 1013 468 Quin
1040 392 1133 456 etiam
1160 399 1321 476 gustatus,
1356 395 1412 482 qui
1434 404 1481 462 est

162 509 274 555 sensus
297 510 337 555 ex
358 489 504 554 omnihus
525 485 661 549 maxime
683 483 875 568 voluptarius
898 487 1014 571 quique
1037 484 1227 552 dulcitudine
1249 497 1377 571 praeter
1398 497 1481 554 ccta-

160 604 216 653 ros
238 603 346 647 sensus
368 587 600 653 commovetur,
624 600 718 665 quam
741 581 802 643 cito
823 577 872 654 id,
896 583 981 663 quod
1004 577 1093 644 valde
1108 578 1197 645 dulce
1212 588 1273 655 est,
1296 591 1481 666 aspernatur

162 699 199 744 ac
220 678 356 758 respuit!
382 676 459 751 Quis
481 675 608 759 potione
630 673 677 738 uti
698 680 751 738 aut
773 674 844 737 cibo
868 671 949 737 dulci
971 671 1087 739 diutius
1109 680 1235 758 potest?
1259 697 1329 740 cum
1345 686 1480 763 utroque

139 777 195 838 sin
216 791 330 856 genere
353 790 407 844 ea,
432 788 513 852 quae
535 767 648 832 leviter
668 787 794 832 sensum
815 766 977 855 voluptate
998 776 1166 846 moveant,
1190 766 1339 835 facillime
1361 769 1481 855 fugiant

161 865 346 931 satietatem.
391 865 462 927 100.
499 862 550 925 Sic
578 859 724 926 omnibus
751 863 783 924 in
805 863 901 925 rebus
922 861 1135 945 voluptatibus
1157 863 1300 929 maximis
1320 864 1481 931 fastidium

160 957 324 1024 finitimum
340 965 387 1020 est
394 978 403 1033 ;
425 976 490 1042 quo
511 957 574 1021 hoc
594 958 697 1020 minus
718 954 750 1019 in
774 957 917 1020 oratione
938 959 1107 1036 miremur;
1129 955 1160 1022 in
1180 979 1240 1044 qua
1254 959 1306 1025 vel
1321 980 1361 1025 ex
1377 958 1482 1043 potitis

164 1050 225 1136 [vel
247 1047 496 1133 exoratoribus]
521 1069 687 1135 possumus
709 1051 849 1114 iudicare
870 1052 1068 1131 concinnam,
1096 1051 1289 1129 distinctam,
1324 1061 1479 1130 ornatam,

164 1145 322 1220 festivam,
344 1147 412 1208 sine
427 1146 674 1217 intermissione,
697 1144 764 1207 sine
779 1147 1040 1228 reprehensione,
1063 1148 1130 1211 sine
1145 1146 1314 1224 varietate,
1338 1148 1480 1231 quamvis

124 1239 254 1307 roclaris
276 1241 315 1301 sit
336 1238 496 1303 coloribus
517 1239 599 1323 picta
623 1235 683 1322 [vel
705 1237 811 1322 poesis
825 1238 875 1304 vel
890 1238 1020 1324 oratiol,
1042 1261 1107 1305 non
1120 1262 1212 1328 posse
1228 1246 1260 1306 in
1275 1241 1480 1307 delectatione

163 1353 231 1399 esse
253 1330 410 1397 diuturna.
464 1335 566 1419 Atque
596 1351 635 1396 eo
663 1333 754 1395 citius
783 1333 816 1394 in
844 1336 978 1397 oratoris
1005 1343 1059 1399 aut
1086 1337 1118 1400 in
1139 1345 1251 1419 po'etae
1273 1338 1423 1401 cincinnis
1445 1356 1481 1400 ac

161 1424 234 1492 fuco
264 1424 452 1501 offenditur,
487 1428 572 1510 quod
604 1447 714 1489 sensus
744 1426 777 1489 in
809 1427 905 1490 nimia
932 1426 1091 1514 voluptate
1119 1437 1249 1505 natura,
1284 1451 1348 1494 non
1376 1439 1480 1495 mente

162 1523 333 1599 satiantur;
367 1519 545 1603 inscriptis
568 1527 600 1586 et
620 1522 653 1584 in
675 1521 765 1584 dictis
786 1540 849 1584 non
872 1522 994 1586 aurium
1017 1521 1135 1595 solum,
1168 1525 1223 1587 sed
1245 1525 1340 1588 animi
1363 1525 1480 1588 iudicio

164 1616 258 1680 etiam
288 1614 388 1701 magis
419 1613 558 1681 infucata
584 1615 661 1681 vitia
689 1622 871 1684 noscuntur.
914 1616 1028 1680 xxvi.
1065 1619 1135 1681 101.
1171 1618 1294 1695 Quare,
1327 1620 1428 1683 bene
1450 1627 1482 1683 et

124 1708 381 1796 aspraeolare,
404 1712 544 1795 quamvis
565 1709 659 1775 nobis
681 1729 774 1796 saepe
796 1707 936 1788 dicatur;
970 1709 1078 1776 helle
1102 1718 1134 1775 et
1153 1709 1316 1788 festive,
1350 1713 1481 1776 nimium

162 1823 256 1890 saepe
277 1807 364 1870 nolo.
410 1806 605 1890 Quamquam
627 1803 680 1869 illa
710 1802 779 1886 ipsa
807 1803 1010 1880 exclamatio,
1043 1807 1124 1870 Non
1158 1815 1292 1891 potest
1321 1806 1480 1882 melius,

109 1911 110 1914 ’
162 1899 202 1963 sit
222 1897 316 1965 velim
338 1902 465 1976 crebra;
490 1903 545 1964 sed
566 1901 682 1964 haheat
702 1905 808 1962 tamen
830 1898 883 1964 illa
903 1901 936 1964 in
958 1896 1091 1965 dicendo
1113 1902 1277 1966 admiratio
1300 1922 1337 1964 ae
1360 1920 1481 1965 summa

162 1990 230 2057 laus
250 1995 395 2058 umbram
417 1993 552 2079 aliquam
574 2002 606 2059 et
626 2012 806 2068 recessum,
836 2014 899 2080 quo
920 1996 1020 2077 magis
1046 1992 1101 2070 id,
1137 1998 1221 2081 quod
1245 1995 1305 2061 erit
1326 1997 1482 2061 illumina·

161 2095 244 2163 tum,
268 2095 391 2153 exstare
412 2095 505 2174 atque
526 2091 665 2154 eminere
685 2087 837 2157 deleatur.
883 2092 954 2155 102.
978 2092 1142 2176 Nunquam
1163 2092 1229 2173 agit
1247 2095 1331 2157 hunc
1352 2110 1480 2158 versum

125 2205 154 2247 so
162 2183 293 2251 Roscius
315 2205 354 2248 eo
376 2192 482 2269 gestu,
505 2204 567 2269 quo
589 2190 713 2270 potest:

288 2308 367 2373 Nom
387 2309 506 2390 sepiem
526 2308 633 2371 virtuti
652 2307 793 2372 loomm
807 2309 999 2391 proemium,
1020 2309 1101 2374 houd
1115 2309 1263 2393 proadem
1278 2309 1376 2393 petit:

163 2432 218 2498 scd
240 2427 347 2496 abiicit
365 2449 516 2516 prorsus,
538 2438 575 2494 ut
594 2431 627 2494 in
647 2432 832 2515 proximos,
932 2451 934 2454 ⁴

288 2555 408 2638 Ecquid
426 2554 536 2617 uideo?
552 2554 637 2635 [erro
658 2562 777 2635 sceptus
792 2555 923 2636 possidet
943 2555 1023 2620 sedes
1043 2574 1169 2629 sacros,

163 2679 299 2751 incidat,
321 2674 466 2763 aspiciat,
489 2675 674 2752 admiretur,
697 2682 863 2762 stupescat.
909 2678 1009 2755 Quid,
1031 2676 1084 2742 ille
1105 2679 1202 2742 alter:

126 2835 155 2878 ,ς
294 2801 374 2880 Quid
388 2809 489 2883 petam
504 2800 667 2882 praesidi?

163 2946 258 3014 quana
279 2923 415 3000 leniter,
440 2943 533 3009 quarn
555 2924 704 2998 remisse,
727 2940 822 3008 quam
843 2940 906 2986 non
928 2923 1077 2986 actuose!
1101 2922 1196 2986 instat
1217 2922 1300 2985 enim

292 3049 437 3129 Opoter,
460 3067 478 3109 o
494 3047 622 3129 patrio,
646 3066 663 3108 o
682 3046 804 3110 Priami
825 3046 950 3108 domnos!

163 3171 196 3236 in
218 3191 282 3258 quo
304 3179 389 3236 tanta
410 3166 603 3235 commoveri
624 3169 704 3233 actio
726 3188 791 3232 non
812 3174 932 3252 posset,
965 3167 992 3229 si
1014 3173 1096 3230 esset
1115 3175 1296 3249 consumpta
1320 3166 1484 3248 superiore

164 3275 251 3330 motu
274 3274 305 3330 et
327 3271 489 3330 exhausta.
545 3267 654 3349 Neque
683 3262 716 3328 id
742 3271 864 3327 actores
886 3263 972 3344 prius
995 3258 1140 3324 viderunt
1161 3280 1254 3344 quam
1276 3259 1335 3343 ipsi
1358 3268 1482 3344 poetae,

126 3380 257 3445 aequam
280 3361 415 3443 denique
437 3357 484 3422 illi
506 3356 615 3434 etiam,
652 3359 705 3442 qui
731 3356 876 3423 lecerunt
897 3353 1026 3428 modos,
1065 3355 1217 3440 aquibus
1239 3353 1378 3438 utrisque
1401 3375 1486 3418 sum-

163 3454 296 3517 mittitur
317 3452 452 3537 aliquid,
486 3453 599 3515 deinde
621 3460 769 3535 augetur,
804 3459 1004 3525 extenuatur,
1035 3450 1175 3520 inflatur,
1197 3449 1352 3521 variatur,
1377 3447 1486 3511 distin-

165 3550 281 3630 guitur.
328 3549 399 3611 103.
423 3548 470 3610 Ita
492 3548 531 3609 sit
552 3544 644 3611 nobis
665 3547 760 3630 igitur
782 3552 909 3610 ornatus
932 3553 963 3607 et
984 3543 1086 3607 suavis
1109 3550 1217 3607 orator
1241 3577 1283 3590 -
1308 3562 1366 3605 nec
1381 3549 1486 3606 tamen

163 3648 267 3726 potest
295 3640 384 3705 aliter
412 3661 480 3705 esse
501 3676 560 3715 -,
596 3648 631 3705 ut
659 3640 845 3706 suavitatem
870 3641 985 3704 haheat
1007 3649 1160 3703 austeram
1183 3646 1215 3700 et
1238 3634 1387 3711 solidam,
1421 3658 1485 3699 non

164 3736 288 3800 dulcem
309 3744 403 3820 atque
427 3739 600 3800 decoctam.
645 3738 723 3799 Nam
745 3737 814 3821 ipsa
834 3736 872 3798 ad
895 3735 1070 3798 ornandum
1092 3739 1272 3816 praecepta,
1305 3750 1386 3815 quae
1410 3732 1487 3793 dan-

126 3862 155 3904 ῃ
163 3837 233 3905 tur,
257 3829 411 3894 eiusmodi
433 3838 520 3901 sunt,
545 3836 582 3894 ut
603 3849 641 3893 ea
662 3831 804 3912 quamvis
825 3828 1042 3893 vitiosissimus
1065 3833 1172 3890 orator
1193 3826 1350 3910 explicare
1372 3825 1484 3910 possit.

165 3926 289 4002 Quare,
314 3933 349 3989 ut
362 3932 433 3988 ante
455 3925 535 3999 dixi,
559 3925 697 4008 primurn
718 3922 797 3988 silva
817 3943 924 3987 rerum
949 3918 995 4003 [ac
1017 3918 1251 4003 sententiarum]
1276 3921 1486 4004 comparanda

165 4025 231 4093 est,
269 4039 331 4104 qua
360 4021 398 4082 de
428 4027 514 4102 parta
544 4016 622 4082 dixit
652 4019 816 4082 Antonius.
859 4018 944 4079 llaec
965 4013 1128 4079 formanda
1149 4012 1202 4077 filo
1225 4013 1294 4098 ipso
1318 4021 1350 4076 et
1370 4031 1487 4096 genero

166 4113 334 4188 orationis,
356 4110 561 4177 illuminanda
583 4108 706 4189 verbis,
729 4108 879 4176 varianda
900 4108 1071 4178 sententiis.

167 4279 257 4289 -n

237 4388 263 4438 1.
284 4394 375 4451 quotus
393 4387 425 4437 Β.
446 4413 477 4424 -
496 4389 522 4437 2.
542 4389 678 4440 dulcedine
696 4389 752 4441 ΒΒ.
773 4414 802 4425 -
834 4389 860 4438 t.
881 4383 948 4450 cum]
967 4400 1045 4449 quom
1065 4387 1094 4450 (t.
1115 4400 1138 4436 e.
1159 4382 1267 4450 queant)
1286 4386 1317 4434 B.
1340 4410 1368 4420 -
1399 4382 1425 4433 ⁵.
1444 4385 1487 4446 s·

164 4461 241 4527 pluat
260 4461 353 4510 ceteris
372 4471 432 4508 cum
453 4458 526 4511 libris
544 4460 622 4519 ult:
641 4461 769 4527 affuqa'oat
787 4459 932 4511 Ernestius.
953 4483 985 4491 —
1008 4458 1034 4506 7.
1055 4458 1094 4508 vel
1112 4456 1310 4507 exoratoribus
1329 4454 1413 4504 Codd.
1436 4455 1486 4510 al..

164 4532 205 4581 R:
225 4528 266 4579 ool
278 4530 429 4579 armoricos
443 4528 504 4594 (Btt
525 4532 555 4581 Β.
574 4531 738 4594 seclusimus
757 4531 822 4580 naec
839 4536 945 4579 auctore
965 4528 1098 4579 Schntzto.
1115 4551 1145 4563 -
1167 4530 1209 4577 10.
1230 4525 1329 4576 venet
1343 4525 1428 4588 poesis
1447 4525 1487 4574 oet

165 4602 254 4650 oratio
273 4612 333 4651 cum
352 4600 445 4650 eodem
465 4602 632 4653 seclusimus.
656 4624 683 4636 -
716 4603 759 4652 11.
780 4598 919 4664 cincinnis]
940 4602 1026 4649 einais
1045 4600 1145 4651 Nonius
1165 4611 1190 4662 p.
1211 4596 1273 4646 esa.
1292 4596 1346 4649 M..
1369 4597 1485 4644 connais

165 4669 328 4735 (oe)1t.-
358 4671 401 4719 12.
422 4670 586 4736 offenderunt
602 4672 633 4722 Β.
663 4698 692 4710 -
724 4668 833 4732 notura]
853 4675 965 4719 notatur
983 4671 1014 4719 B·
1046 4696 1073 4707 —
1104 4670 1146 4719 17.
1166 4665 1253 4730 eelim]
1273 4666 1354 4716 nolim
1378 4664 1431 4713 ΒΒ.
1454 4690 1485 4700 -

166 4742 209 4793 to.
230 4738 350 4802 emtam]
370 4745 533 4794 emoverem
555 4768 585 4780 -
605 4743 649 4794 22.
670 4741 914 4803 medendoque.
935 4766 966 4776 —
986 4738 1030 4790 23.
1051 4741 1086 4788 Et
1103 4741 1165 4804 quid
1178 4739 1231 4787 BR.
1249 4763 1277 4774 -
1298 4737 1341 4786 25.
1359 4736 1488 4799 praesidii

166 4812 247 4862 ΒΒΒ.
269 4836 299 4848 -
331 4811 375 4861 st.
396 4810 484 4877 atque]
511 4822 558 4868 aut
575 4815 610 4866 Β.
635 4835 668 4851 -
695 4813 739 4864 35.
761 4812 846 4877 quieta
864 4814 897 4861 lt.
926 4835 956 4848 -
984 4809 1028 4860 36.
1048 4811 1095 4863 Vr.
1116 4825 1148 4861 oc
1165 4809 1355 4860 sententiarum
1378 4813 1487 4858 auctore

167 4883 291 4936 senocto
309 4883 475 4936 seclusimus.
