3232 5392
163 205 230 271 882
751 196 901 265 DRUTUS

155 355 310 438 Dicebat,
333 361 480 450 inquam,
503 359 563 426 itas
585 359 689 426 sedet
708 357 777 443 ipsc
799 360 926 424 errabat
946 365 980 424 et
999 359 1078 425 alios
1100 357 1193 425 etiam
1215 379 1325 427 errare
1348 358 1494 448 cogehat

165 463 244 526 Nam
266 459 294 524 si
316 460 387 544 quis
408 468 491 534 eos,
519 454 574 540 qni
602 474 661 521 uec
681 456 788 538 inepte
810 452 917 519 donat
936 472 996 518 nec
1018 455 1128 519 odiose
1149 473 1209 520 nec
1229 457 1356 541 putide,
1395 456 1500 523 Attice

165 561 254 642 putat
274 555 398 630 dicere,
430 554 457 616 is
477 558 562 616 recte
582 549 645 615 nisi
665 551 801 615 Atticum
822 550 939 631 prohat
958 549 1129 614 neminem.
1173 548 1386 615 Insulsitatem
1408 550 1496 617 enim

167 656 199 715 et
226 646 425 713 insolentiam
456 652 616 730 umquam
643 642 796 710 insaniam
828 644 998 730 quandam·
1019 639 1172 709 orationis
1204 640 1290 709 oditc
1327 644 1499 711 sanitatem

144 748 272 807 sentem
294 747 327 804 et
346 738 557 824 integritatem
586 739 676 825 quasi
703 737 890 822 religionem
912 745 945 802 ct
963 737 1186 804 verecundiam
1208 741 1344 806 oratoris
1364 744 1496 827 prohat.

167 837 254 901 llaec
281 835 422 899 omnium
452 830 549 897 dehet
575 839 737 898 oratomm
764 833 883 899 eadem·
904 851 973 897 esse
997 830 1162 898 sententia.
1206 834 1279 898 285.
1311 833 1368 900 Sin
1389 843 1499 901 autem

165 927 361 995 ieiunitatem
383 933 416 992 et
436 925 607 992 siccitatem
629 933 662 992 et
682 925 840 1012 inopiam,
867 927 1039 992 dummodo
1061 924 1103 990 sit
1122 924 1239 1013 polita,
1262 925 1338 993 dnm
1359 931 1497 1005 urbana,

167 1021 243 1089 dum
265 1021 407 1107 elegans,
427 1017 462 1086 in
481 1019 586 1087 Attico
608 1040 725 1105 genere
746 1021 855 1107 ponit,
880 1018 941 1083 hoc
963 1026 1049 1085 reete
1063 1021 1241 1088 dumtaxat:
1263 1019 1320 1088 sed
1333 1025 1409 1108 quia
1424 1030 1501 1088 sunt

167 1119 203 1181 in
223 1114 334 1182 Atticis
354 1113 415 1181 alia
435 1112 585 1193 meliora,
618 1116 738 1190 videat,
770 1134 811 1180 ne
831 1116 960 1201 ignoret
979 1121 1013 1179 et
1033 1116 1150 1199 gradem
1171 1122 1205 1180 et
1226 1113 1499 1183 dissimilitudines

128 1211 291 1276 eeetvim
318 1208 560 1275 etvariatatcm
587 1210 843 1276 Atticorum·
874 1210 1010 1284 Atticos,
1043 1211 1158 1296 inquit,
1192 1212 1268 1278 volo
1298 1211 1430 1278 imitari.
1454 1246 1499 1263 -·

167 1308 278 1384 Quost
313 1323 373 1368 nec
400 1303 485 1369 enim
513 1310 560 1369 est
587 1324 686 1369 unum
713 1322 822 1388 genus.
865 1306 945 1368 Nam
973 1301 1049 1390 quid
1071 1312 1120 1368 est
1139 1312 1204 1370 tam
1226 1303 1375 1371 dissimile
1400 1327 1498 1393 quam

166 1395 394 1465 Demosthenes
416 1404 448 1461 et
467 1399 598 1482 Lysias?
620 1419 714 1485 quam
734 1399 830 1462 iidem
852 1404 884 1463 et
897 1398 1094 1484 Hyperides?
1116 1418 1210 1485 qnam
1224 1401 1340 1467 horum
1354 1400 1499 1468 omnium

166 1489 359 1557 Aeschines?
396 1492 499 1570 Quem
526 1492 623 1577 igitur
649 1492 801 1557 imitaris?
839 1492 871 1556 Si
893 1491 1050 1578 aliquem,
1084 1493 1182 1558 ceteri
1204 1513 1283 1578 ergo
1303 1495 1408 1560 Attice
1431 1516 1499 1559 non

169 1588 332 1653 dicebant:
366 1583 394 1650 si
415 1603 541 1661 omnes,
570 1589 626 1672 qni
647 1595 755 1670 potes,
777 1607 849 1651 cum
871 1584 932 1650 sint
953 1584 1013 1673 ipsi
1036 1584 1235 1652 dissimillimi
1256 1589 1342 1654 inter
1363 1593 1424 1654 set
1460 1591 1499 1653 ln

129 1700 233 1767 ecquo
253 1676 332 1745 illud
352 1679 446 1744 etiam
468 1698 604 1764 quaero,
627 1679 797 1746 Phalereus
814 1678 867 1744 ille
880 1679 1061 1745 Demetrius
1082 1682 1223 1746 Atticene
1245 1679 1371 1750 dixerit.
1419 1681 1500 1747 hlihi

168 1774 296 1861 quidem
317 1791 359 1837 cx
380 1771 465 1838 illius
486 1771 682 1840 orationihus
703 1773 849 1840 redolere
870 1774 957 1859 ipsae
978 1775 1118 1840 Athenae
1132 1775 1297 1858 ridentur.
1321 1812 1364 1827 -
1385 1779 1429 1841 At
1450 1784 1503 1842 est

167 1864 326 1940 floridior,
347 1871 384 1929 ut
404 1864 447 1930 ita
469 1865 587 1942 dicam,
610 1887 705 1954 quam
726 1864 921 1954 Hyperides,
944 1886 1038 1955 quam
1053 1870 1173 1952 Lysias.
1197 1904 1238 1918 -
1260 1873 1378 1936 Natura
1402 1891 1503 1956 quae·

168 1968 241 2030 dam
262 1967 317 2026 aut
337 1960 483 2026 voluntas
504 1962 548 2026 ita
568 1960 694 2028 dicendi
715 1959 785 2026 fuit.
830 1964 1005 2028 LXXXIII.
1029 1966 1100 2032 286.
1128 1967 1167 2028 st
1188 1966 1316 2050 quidem
1339 1963 1405 2032 duo
1427 1964 1501 2031 ine·

167 2063 243 2124 runt
270 2050 439 2138 peridem
466 2061 591 2145 tempus
619 2055 786 2123 dissimiles
812 2058 896 2121 inter
922 2078 971 2132 se,
1005 2054 1060 2122 sed
1081 2059 1176 2122 Attici
1197 2066 1320 2123 tamen:
1359 2079 1502 2144 qnorum

129 2150 329 2221 scCharisius
349 2146 520 2215 multarum
541 2153 741 2227 orationum,
775 2170 853 2238 quas
874 2146 1033 2217 scrihebat
1053 2151 1142 2228 aliis,
1175 2171 1246 2217 cum
1269 2173 1387 2239 cupere
1408 2153 1503 2218 vide·

167 2255 255 2313 retur
275 2243 389 2308 imitari
411 2242 556 2327 Lysiam3
591 2244 806 2312 Demochares
828 2253 951 2320 numm,
986 2244 1041 2330 qui
1066 2246 1127 2311 init
1151 2247 1354 2313 Demostheni
1375 2248 1502 2314 sororis

167 2340 265 2415 iilius,
288 2345 320 2403 et
341 2341 498 2406 orationes
520 2340 646 2426 scripsit
668 2337 788 2424 aliquot
809 2346 841 2404 et
857 2359 965 2405 earnm
980 2361 1085 2405 rerum
1100 2339 1286 2418 historiam,
1309 2331 1516 2429 quaeserunt

166 2433 297 2500 Athenis
317 2433 416 2520 ipsius
439 2441 540 2499 aetate
562 2440 688 2517 gestae,
725 2454 791 2498 non
819 2440 882 2498 tam
911 2432 1063 2500 historico
1089 2455 1182 2520 quam
1211 2439 1351 2501 oratorio
1378 2457 1501 2523 genere

166 2528 359 2615 perscripsit.
404 2534 444 2597 At
471 2527 603 2594 Charisii
631 2529 699 2594 vult
727 2529 878 2613 Hegesias
907 2549 977 2593 esse
1006 2528 1129 2605 similis,
1166 2528 1257 2613 isque
1285 2549 1320 2594 se
1341 2529 1386 2595 ita
1407 2537 1501 2615 putat

129 2650 159 2692 as
167 2623 318 2699 Atticum,
348 2633 383 2690 ut
403 2643 498 2692 veros
518 2621 591 2687 illos
612 2643 689 2706 prae
711 2643 745 2687 se
767 2641 868 2708 paene
890 2629 1029 2707 agrestes
1050 2629 1149 2709 putet.
1194 2625 1267 2687 287.
1289 2627 1328 2688 At
1350 2622 1427 2709 quid
1451 2631 1501 2688 est

166 2726 231 2782 tam
262 2718 412 2796 inactum,
447 2727 512 2783 tam
538 2715 713 2792 minutum,
748 2724 811 2781 tam
840 2718 875 2790 in
901 2717 986 2801 ipsa,
1019 2736 1113 2800 quam
1141 2727 1245 2782 tamen
1270 2716 1497 2802 consequitur,

166 2812 375 2879 concinnitate
396 2811 541 2901 puerile?
562 2846 605 2860 -
625 2812 802 2876 Atticorum
824 2809 943 2875 similes
964 2830 1033 2876 esse
1055 2811 1211 2877 volumus.
1235 2847 1278 2861 -
1300 2813 1439 2898 Optime.
1456 2847 1498 2860 —

166 2911 284 2973 Suntne
305 2907 402 2994 igitur
422 2906 456 2975 hi
478 2907 572 2971 Attici
594 2910 757 2971 oratores?
780 2934 818 2949 —-
849 2904 927 2983 Quis
948 2925 1064 2990 negare
1085 2910 1210 2989 potest?
1232 2940 1275 2955 -
1305 2907 1372 2970 llos
1395 2904 1501 2970 imita-

164 3022 246 3068 mur.
276 3038 318 3052 -
354 3006 426 3081 Quo
457 3004 571 3079 modo,
606 3002 660 3085 qui
688 3007 761 3065 sunt
785 3007 817 3063 et
842 2998 925 3065 inter
953 3020 987 3064 se
1014 3000 1180 3066 dissimiles
1209 3009 1242 3065 et
1266 3000 1425 3066 aliorum?
1458 3035 1496 3049 -

128 3094 396 3184 seThncpdidem,
427 3095 546 3181 inquit,
579 3093 813 3159 imitamen·
845 3092 987 3179 Optime,
1010 3093 1036 3159 si
1057 3094 1222 3160 historiam
1244 3097 1406 3169 scrihere,
1431 3115 1497 3159 non

164 3189 191 3254 si
214 3211 322 3254 causas
345 3193 451 3255 dicere
475 3187 627 3274 cogitatis.
671 3189 869 3275 Thucydides
898 3187 981 3252 enim
1004 3209 1110 3253 rerum
1132 3197 1290 3273 gestarum
1311 3192 1500 3274 pronuntia-

163 3289 215 3347 tor
229 3285 370 3349 sincerus
385 3291 416 3349 et
431 3285 558 3368 grandis
579 3281 673 3347 etiam
694 3280 772 3346 fuit:
797 3284 858 3345 hoc
878 3279 1019 3355 forense,
1044 3283 1325 3355 concertatorinm,
1347 3283 1497 3350 iudiciale

162 3397 228 3443 non
250 3380 393 3444 tractavit
414 3399 525 3463 genus.
571 3378 738 3442 Orationes
751 3384 874 3451 autem,
898 3397 975 3462 quas
996 3376 1183 3462 interposuit
1207 3414 1249 3427 -
1276 3379 1393 3446 multae
1409 3382 1496 3444 enim

164 3480 237 3536 sunt
250 3508 304 3549 -,
322 3494 375 3539 eas
391 3493 453 3558 ego
476 3473 605 3538 laudare
620 3470 728 3549 sole03
751 3468 868 3535 imitari
883 3492 986 3554 neque
1001 3472 1135 3556 possim,
1157 3472 1184 3537 si
1198 3472 1304 3549 velim,
1327 3494 1385 3538 nec
1399 3473 1497 3538 velim

124 3592 153 3632 ss
162 3565 315 3640 fortasse,
349 3567 376 3632 si
397 3567 526 3653 possim.
570 3568 626 3641 Ut,
660 3564 688 3629 si
717 3564 787 3650 quis
816 3564 950 3630 Falerno
972 3567 1046 3629 vino
1070 3565 1260 3643 delectetur,
1295 3566 1351 3632 sed
1374 3589 1414 3632 eo
1437 3588 1496 3632 nee

161 3660 207 3724 ita
227 3679 330 3737 novo,
354 3669 389 3724 ut
410 3663 565 3745 proximis
587 3659 769 3726 consulibus
791 3668 899 3723 natum
920 3659 1014 3733 velit,
1037 3680 1096 3725 uec
1116 3682 1226 3726 rursus
1247 3661 1289 3727 ita
1311 3669 1437 3736 vetere,
1460 3671 1498 3727 nt

163 3753 321 3839 Opimium
344 3763 399 3820 ant
420 3757 563 3821 Anicium
585 3753 747 3820 consulem
768 3760 913 3840 quaerat:
937 3788 979 3802 -
1000 3757 1087 3841 atqui
1107 3758 1168 3820 hae
1196 3763 1289 3821 notae
1314 3764 1386 3821 sunt
1412 3755 1497 3839 opti·

160 3866 247 3925 mae;
272 3846 385 3913 credo:
416 3852 471 3914 sed
494 3848 592 3914 nimia
613 3855 750 3913 vetustas
770 3868 830 3912 nec
852 3848 949 3912 hahet
969 3867 1057 3924 eam,
1082 3870 1177 3934 quam
1199 3849 1397 3935 quaerimus,
1420 3869 1495 3913 sua-

160 3941 289 4007 vitatem
310 3963 369 4008 nec
393 3943 523 4009 estium
545 3963 621 4008 sanc
642 3940 831 4008 tolerabilis:
868 3944 942 4007 288.
967 3963 1042 4007 num
1063 3945 1176 4028 igitur,
1200 3945 1254 4031 qui
1275 3948 1337 4009 hoc
1358 3945 1494 4019 sentiat,

122 4060 151 4101 sc
162 4036 189 4099 si
219 4038 246 4100 is
268 4046 379 4120 potare
401 4037 496 4114 uelit,
532 4041 571 4103 de
593 4035 678 4103 dolio
701 4036 763 4102 sihi
783 4035 994 4103 hauriendum
1016 4042 1124 4123 putet?
1147 4039 1292 4111 minime,
1316 4040 1371 4102 sed
1394 4058 1495 4122 quan·

162 4132 234 4195 dam
256 4137 406 4215 sequatur
425 4140 575 4197 aetatem:
606 4166 648 4180 -
669 4133 715 4197 sic
735 4151 795 4215 ego
817 4131 885 4195 istis
903 4130 1079 4196 censuerim
1101 4140 1133 4195 et
1153 4152 1267 4197 novam
1289 4131 1379 4196 istam
1402 4134 1492 4217 quasi

162 4226 201 4289 de
226 4222 340 4308 [musto
363 4223 409 4310 ac]
434 4225 504 4291 lacu
524 4223 679 4292 fervidam
702 4226 876 4291 orationem
903 4223 1084 4307 fugiendam
1107 4244 1166 4290 neo
1186 4224 1271 4290 illem
1294 4224 1492 4310 praeclaram

229 4432 257 4483 5.
276 4437 366 4484 cutem
385 4447 436 4484 cm.
457 4433 490 4483 ll.
510 4456 543 4467 -
562 4432 606 4482 12.
625 4433 704 4483 tidem
722 4432 744 4482 D
764 4437 791 4484 el
809 4432 877 4483 Cod.
898 4432 1005 4483 Cutem:
1026 4435 1097 4483 idem
1116 4447 1176 4485 curn
1197 4439 1291 4486 ceteris
1310 4435 1367 4485 llll.
1389 4457 1420 4469 -·
1448 4435 1491 4485 15.

158 4502 225 4551 illud
243 4506 324 4554 ettam
342 4503 416 4565 libri,
436 4503 502 4554 Bet
519 4503 612 4553 erlt.
631 4503 728 4555 asos:
748 4505 829 4553 etium
845 4504 913 4553 titud
932 4517 992 4554 enm
1011 4504 1140 4565 Repstltt.
1160 4505 1252 4554 erh.
1275 4506 1304 4554 ll.
1326 4530 1357 4541 -
1376 4505 1421 4554 21.
1442 4505 1494 4554 De-

157 4573 287 4623 mostheni
308 4575 334 4624 h.
355 4575 373 4624 l.
393 4578 471 4626 etiem
492 4575 521 4626 ll.
541 4573 622 4626 Prncl
642 4575 777 4625 dumtaxat
795 4574 853 4625 llhrl
872 4582 898 4625 et
916 4576 940 4624 li
959 4575 1149 4626 Demosthenis.
1170 4600 1201 4613 -
1220 4576 1265 4626 28.
1285 4576 1313 4625 ct
1330 4575 1377 4638 Lg.
1398 4575 1424 4625 8.
1446 4576 1491 4625 53.

157 4641 201 4691 58.
221 4643 266 4693 58.
285 4643 328 4695 88.
348 4646 393 4695 78.
414 4645 481 4696 Vsu.
502 4647 528 4696 1.
549 4645 592 4695 li:
610 4647 631 4696 c
648 4657 708 4695 cum
728 4647 823 4696 ceteris
838 4646 868 4694 ll.
891 4670 920 4683 -
941 4646 985 4695 37.
1003 4646 1053 4695 hoe
1071 4646 1116 4709 l.g.
1135 4646 1161 4695 8.
1181 4647 1225 4696 39.
1250 4643 1294 4697 53.
1314 4645 1359 4694 58.
1379 4645 1423 4697 88.
1444 4647 1490 4696 78.

157 4710 284 4763 Vsum
305 4729 350 4765 sos
368 4729 427 4766 eum
445 4715 594 4766 11188.-
613 4715 659 4767 82.
678 4714 727 4766 Vr.
746 4722 834 4765 musto
863 4729 896 4766 uc
922 4722 1031 4769 auctore
1051 4716 1181 4768 lltlendtlo
1207 4717 1374 4768 seclusimus.
1395 4716 1493 4778 (musto

156 4781 261 4833 ridetur
278 4787 391 4846 primum
410 4786 489 4850 glou.
509 4786 591 4839 lutose
610 4800 635 4839 v.
661 4784 742 4837 lucc:
768 4792 861 4848 poster
881 4790 1009 4837 insertum
1029 4798 1089 4837 cum
1108 4794 1175 4848 part·
1195 4801 1228 4837 oe
1247 4787 1317 4846 (tthrt
1336 4788 1412 4851 longe
1433 4787 1493 4848 plu·

156 4850 226 4917 rimi)
245 4858 285 4907 tel
303 4862 328 4908 cl
347 4854 425 4920 (Cod.
445 4857 512 4922 lieg.
532 4853 575 4922 C).
