3232 5392
400 1187 682 1268 INCERTI
718 1186 1133 1268 scmn'roms

580 1404 960 1476 nunnomcoltbol

741 1605 794 1666 AD

256 1807 335 1920 (3.
404 1805 482 1918 ΙΙ
518 1806 579 1918 Ε
617 1809 690 1917 Β
727 1808 788 1916 Ε
826 1810 888 1920 Ν
923 1807 985 1917 Ν
1019 1806 1062 1916 Ι
1097 1806 1165 1919 ΙΙ.
1197 1805 1280 1918 Μ

547 2070 685 2133 nrnnr
717 2070 985 2154 ouarruon.

583 2609 733 2671 nmen
758 2607 957 2671 anms.

105 2822 132 2884 l.
160 2824 190 2885 1.
222 2801 305 2888 Etsi
326 2819 463 2905 negotiis
484 2818 692 2885 familiaribus
714 2821 857 2904 impediti
885 2822 939 2885 rix
968 2818 1042 2883 satis
1064 2817 1163 2882 otium
1185 2819 1288 2883 studio
1312 2840 1427 2903 suppe-

104 2917 208 2981 ditare
228 2936 396 2998 possumus
423 2923 455 2979 et
476 2917 508 2979 id
530 2918 649 2998 ipsum,
680 2919 766 3002 quod
787 2919 879 2980 datur
900 2916 974 2990 otii,
997 2913 1147 2978 libentius
1168 2914 1201 2976 in
1225 2915 1428 2997 philosophia

104 3031 294 3076 consumere
323 3013 562 3088 consuevimus,
592 3019 699 3076 tamen
726 3020 780 3075 tua
810 3032 885 3086 nos,
919 3011 954 3074 C.
978 3010 1138 3085 Herenni,
1168 3007 1312 3072 voluntas
1341 3029 1428 3072 eom-

104 3108 227 3181 movit,
250 3113 286 3169 ut
306 3108 346 3170 de
368 3107 490 3171 ratione
512 3107 637 3170 dicendi
652 3107 942 3181 conscriberemus,
965 3125 1006 3168 ne
1029 3111 1084 3168 aut
1103 3111 1158 3167 tua
1179 3124 1273 3166 causa
1286 3102 1426 3168 noluisse
1469 3131 1474 3144 ·

104 3208 161 3265 aut
185 3198 302 3284 fugisse
323 3221 383 3264 nos
404 3201 546 3264 laborem
568 3208 706 3287 putares.
750 3203 791 3265 nt
811 3219 850 3264 eo
872 3199 1042 3265 studiosius
1063 3199 1126 3262 boc
1144 3199 1306 3282 negotium
1321 3213 1450 3264 susce-s

104 3295 228 3378 pimus,
251 3296 335 3379 quod
357 3303 389 3359 te
411 3316 475 3359 non
497 3297 564 3361 sinc
586 3316 680 3360 causa
700 3296 782 3360 vello
804 3314 996 3381 cognoscere
1018 3292 1207 3358 rhetoricam
1229 3295 1427 3378 intelligeba-

105 3408 187 3451 mus.
231 3389 302 3450 Non
324 3390 408 3451 enim
430 3391 463 3453 in
484 3410 518 3453 se
532 3407 644 3475 parum
665 3386 784 3453 fructus
803 3390 900 3453 babet
920 3389 1012 3471 copia
1032 3389 1157 3454 dicendi
1173 3397 1205 3452 et
1218 3389 1427 3453 commoditas

105 3483 272 3557 orationis,
297 3483 323 3544 si
345 3491 431 3548 recta
451 3484 659 3568 intelligentia
680 3491 712 3547 et
732 3483 861 3548 delinita
875 3484 1093 3548 moderatione
1109 3484 1205 3548 animi
1220 3486 1425 3568 gubernetur.

107 3580 191 3656 Quas
213 3582 254 3644 ob
277 3598 328 3644 res
349 3580 421 3653 illa,
458 3599 539 3663 quae
568 3579 679 3643 Gracci
708 3579 879 3661 scriptores
899 3579 1002 3642 inanis
1023 3581 1221 3664 arrogantiae
1243 3599 1337 3644 causa
1367 3579 1427 3643 sibi

105 3681 357 3757 assumpserunt,
391 3673 586 3758 reliquimus.
632 3675 711 3736 Nam
738 3671 807 3749 illi,
843 3693 884 3736 nc
912 3694 1024 3756 pamm
1046 3676 1144 3739 multa
1164 3675 1260 3739 scisse
1281 3676 1464 3740 viderem-1⁰

104 3775 175 3844 tur,
206 3789 244 3832 ea
265 3767 523 3853 conquisierunt,
558 3789 639 3853 quae
660 3767 740 3831 nibil
761 3767 952 3845 attinebant,
987 3775 1025 3837 ut
1045 3789 1096 3833 ars
1118 3766 1277 3833 difficilior
1298 3770 1426 3853 cognitu

103 3870 287 3947 putaretur:
319 3884 378 3927 nos
400 3868 506 3927 autem
534 3884 592 3939 ea,
626 3882 707 3948 quae
737 3863 925 3926 ridebantur
945 3864 985 3926 ad
1007 3865 1162 3929 rationem
1184 3864 1308 3928 dicendi
1330 3865 1426 3946 perti-

104 3977 203 4035 nere,
220 3959 410 4042 sumpsimus
423 3979 432 4037 ;
455 3979 520 4022 non
542 3957 627 4022 enim
648 3963 868 4045 spequaestus
884 3963 938 4020 aut
952 3959 1052 4041 gloria
1067 3960 1217 4023 commoti
1230 3959 1371 4023 venimus
1385 3957 1426 4020 ad

104 4054 329 4132 scribendum,
353 4050 618 4141 quemadmodum
636 4051 755 4129 ceteri,
778 4051 835 4116 sed
856 4059 891 4116 ut
910 4052 1064 4118 industria
1083 4060 1191 4119 nostra
1210 4060 1281 4118 tuae
1303 4072 1424 4116 morem

175 4315 201 4367 l.
230 4314 264 4366 V.
284 4317 366 4367 otium
383 4314 416 4367 ds
434 4313 466 4366 1..
486 4315 556 4366 conl.
583 4311 635 4366 del.
655 4310 716 4364 Scb.
741 4314 828 4364 minus
853 4317 924 4365 recle
948 4312 1025 4376 prob.
1044 4313 1123 4365 blod.
1143 4306 1296 4365 aarum
1313 4311 1425 4372 sculptor

104 4389 236 4453 cnaulrlt
261 4387 330 4438 lotor
346 4387 454 4453 reposto
472 4392 499 4438 st
516 4386 607 4436 oliuu.
627 4409 659 4420 -
689 4385 777 4434 studio
801 4396 854 4434 om.
883 4395 923 4446 pr.
950 4386 984 4436 Α.
1010 4385 1093 4437 Palm.
1120 4391 1230 4448 quartus
1256 4381 1371 4432 Gruterl.
1391 4407 1421 4419 -

102 4458 132 4510 1.
150 4458 265 4509 colubra
282 4463 330 4509 unt
347 4457 445 4523 {apim
461 4469 511 4507 nor
528 4453 683 4506 PABFll'l:
702 4454 818 4504 coruom
835 4467 883 4505 uos
901 4460 950 4505 cut
966 4458 1065 4522 {apim
1083 4456 1113 4507 ll.
1135 4478 1166 4491 -
1189 4453 1217 4503 ’1.
1235 4453 1266 4500 in
1282 4464 1310 4501 ss
1326 4464 1424 4514 porum

102 4528 191 4580 nnnz
207 4541 308 4594 porum
323 4530 353 4578 tu
370 4541 396 4578 se
412 4526 513 4577 lll'Tll.
535 4552 562 4564 -
584 4525 662 4576 babet
679 4525 780 4590 [ructus
797 4524 874 4576 m.
894 4548 928 4561 ·—
957 4526 984 4578 8.
1008 4527 1188 4578 moderatione
1206 4524 1290 4573 culmi
1313 4522 1420 4573 Plan:

102 4601 190 4650 cutm
204 4599 387 4651 moderatione
403 4597 483 4648 Ans.
503 4594 613 4660 (Omnes
632 4599 714 4647 nostrl
733 4601 838 4650 serrant
855 4609 880 4648 r.
895 4596 1021 4662 definita,
1042 4596 1113 4660 quod
1131 4593 1317 4658 aquibusdam
1330 4593 1423 4646 abesse

101 4676 217 4723 testator
234 4666 277 4735 l..)
297 4693 327 4708 ·-
358 4666 756 4734 10.ussumpssrslll²ll1'.-
789 4668 832 4717 ln.
852 4674 943 4718 cotem
960 4681 1012 4719 om.
1031 4666 1075 4716 FT
1094 4672 1121 4718 et
1139 4677 1178 4727 pr.
1197 4665 1231 4717 Α.
1253 4691 1280 4703 -
1314 4663 1357 4715 13.
1381 4677 1424 4713 us·

101 4743 264 4806 comprimus
280 4741 320 4802 ll,
339 4740 460 4791 uldedlt
477 4739 507 4789 l..
536 4760 568 4775 -
598 4738 699 4803 glottae
716 4738 756 4799 R,
781 4737 853 4802 quod
872 4752 903 4790 cr
921 4739 979 4790 allls
999 4737 1073 4801 prob.
1095 4735 1219 4787 Oudend.
1240 4739 1341 4800 reccplt
1358 4734 1420 4787 Sclr.
1537 4804 1546 4816 ·

26 4838 30 4845 .
102 4813 158 4867 Sed
176 4812 266 4879 atomo
282 4811 310 4862 b.
329 4810 347 4864 l.
366 4811 527 4880 solutorias
544 4809 649 4868 studio,
669 4807 793 4876 gloriola.
815 4831 844 4848 -
865 4810 993 4862 commodi
1011 4808 1074 4861 Bm.
1098 4819 1204 4873 operae.

160 4918 301 4966 uuum
1036 4916 1054 4982 1
