<?xml version="1.0" encoding="UTF-8"?>
<!DOCTYPE html PUBLIC "-//W3C//DTD XHTML 1.0 Transitional//EN"
    "http://www.w3.org/TR/xhtml1/DTD/xhtml1-transitional.dtd">
<html xmlns="http://www.w3.org/1999/xhtml" xml:lang="en" lang="en">
 <head>
  <title>
</title>
<meta http-equiv="Content-Type" content="text/html;charset=utf-8" />
  <meta name='ocr-system' content='tesseract 3.04.00' />
  <meta name='ocr-capabilities' content='ocr_page ocr_carea ocr_par ocr_line ocrx_word'/>
</head>
<body>
  <div class='ocr_page' id='page_1' title='image "./operaquaesupers04halmgoog/operaquaesupers04halmgoog_0158.png"; bbox 0 0 3232 5392; ppageno 0'>
   <div class='ocr_carea' id='block_1_1' title="bbox 35 194 1462 444">
    <p class='ocr_par' dir='ltr' id='par_1_1' title="bbox 35 194 1462 444">
     <span class='ocr_line' id='line_1_1' title="bbox 568 194 1461 264; baseline 0 -2"><span class='ocrx_word' id='word_1_1' title='bbox 568 195 646 262; x_wconf 89' lang='lat' dir='ltr'><strong>LIB.</strong></span> <span class='ocrx_word' id='word_1_2' title='bbox 669 195 710 263; x_wconf 82' lang='lat' dir='ltr'>il.</span> <span class='ocrx_word' id='word_1_3' title='bbox 752 196 787 264; x_wconf 86' lang='lat' dir='ltr'>C.</span> <span class='ocrx_word' id='word_1_4' title='bbox 812 194 864 263; x_wconf 79' lang='grc'>19.</span> <span class='ocrx_word' id='word_1_5' title='bbox 887 197 941 262; x_wconf 71' lang='grc'>00.</span> <span class='ocrx_word' id='word_1_6' title='bbox 964 194 1017 260; x_wconf 75' lang='lat'>21.</span> <span class='ocrx_word' id='word_1_7' title='bbox 1399 195 1461 264; x_wconf 79' lang='lat' dir='ltr'>tto</span> 
     </span>
     <span class='ocr_line' id='line_1_2' title="bbox 35 342 1462 444; baseline -0.004 -19"><span class='ocrx_word' id='word_1_8' title='bbox 35 342 38 349; x_wconf 40' lang='lat'>¹</span> <span class='ocrx_word' id='word_1_9' title='bbox 137 353 250 444; x_wconf 74' lang='lat' dir='ltr'>quemi</span> <span class='ocrx_word' id='word_1_10' title='bbox 270 351 445 442; x_wconf 71' lang='lat' dir='ltr'>oportebit,</span> <span class='ocrx_word' id='word_1_11' title='bbox 477 374 497 421; x_wconf 86' lang='lat' dir='ltr'>a</span> <span class='ocrx_word' id='word_1_12' title='bbox 522 375 588 442; x_wconf 89' lang='lat' dir='ltr'>quo</span> <span class='ocrx_word' id='word_1_13' title='bbox 618 363 651 422; x_wconf 90' lang='lat' dir='ltr'>et</span> <span class='ocrx_word' id='word_1_14' title='bbox 670 377 728 443; x_wconf 91' lang='lat' dir='ltr'>per</span> <span class='ocrx_word' id='word_1_15' title='bbox 749 375 828 441; x_wconf 92' lang='lat' dir='ltr'>quos</span> <span class='ocrx_word' id='word_1_16' title='bbox 850 363 883 421; x_wconf 91' lang='lat' dir='ltr'>et</span> <span class='ocrx_word' id='word_1_17' title='bbox 903 375 968 440; x_wconf 92' lang='lat' dir='ltr'>quo</span> <span class='ocrx_word' id='word_1_18' title='bbox 989 355 1085 421; x_wconf 92' lang='lat' dir='ltr'>modo</span> <span class='ocrx_word' id='word_1_19' title='bbox 1107 360 1139 418; x_wconf 89' lang='lat' dir='ltr'>et</span> <span class='ocrx_word' id='word_1_20' title='bbox 1159 373 1224 441; x_wconf 84' lang='lat' dir='ltr'>quo</span> <span class='ocrx_word' id='word_1_21' title='bbox 1245 361 1388 441; x_wconf 88' lang='lat' dir='ltr'>tempore</span> <span class='ocrx_word' id='word_1_22' title='bbox 1409 362 1462 421; x_wconf 90' lang='lat' dir='ltr'>aut</span> 
     </span>
    </p>
   </div>
   <div class='ocr_carea' id='block_1_2' title="bbox 137 446 1509 4217">
    <p class='ocr_par' dir='ltr' id='par_1_2' title="bbox 137 446 1509 4217">
     <span class='ocr_line' id='line_1_3' title="bbox 138 446 1462 537; baseline -0.002 -20"><span class='ocrx_word' id='word_1_23' title='bbox 138 448 189 534; x_wconf 88' lang='lat' dir='ltr'>agi</span> <span class='ocrx_word' id='word_1_24' title='bbox 209 456 265 517; x_wconf 82' lang='lat' dir='ltr'>ent</span> <span class='ocrx_word' id='word_1_25' title='bbox 283 447 416 515; x_wconf 83' lang='lat' dir='ltr'>iudicari</span> <span class='ocrx_word' id='word_1_26' title='bbox 436 457 491 515; x_wconf 92' lang='lat' dir='ltr'>aut</span> <span class='ocrx_word' id='word_1_27' title='bbox 511 450 587 537; x_wconf 90' lang='lat' dir='ltr'>quid</span> <span class='ocrx_word' id='word_1_28' title='bbox 608 450 702 516; x_wconf 90' lang='lat' dir='ltr'>statui</span> <span class='ocrx_word' id='word_1_29' title='bbox 724 448 763 515; x_wconf 92' lang='lat' dir='ltr'>de</span> <span class='ocrx_word' id='word_1_30' title='bbox 784 469 824 516; x_wconf 90' lang='lat' dir='ltr'>ea</span> <span class='ocrx_word' id='word_1_31' title='bbox 844 470 879 515; x_wconf 91' lang='lat' dir='ltr'>ro</span> <span class='ocrx_word' id='word_1_32' title='bbox 901 448 1077 515; x_wconf 84' lang='lat' dir='ltr'>conveniat.</span> <span class='ocrx_word' id='word_1_33' title='bbox 1122 452 1174 514; x_wconf 85' lang='grc'>01.</span> <span class='ocrx_word' id='word_1_34' title='bbox 1199 446 1235 513; x_wconf 92' lang='lat' dir='ltr'>ld</span> <span class='ocrx_word' id='word_1_35' title='bbox 1258 470 1300 514; x_wconf 85' lang='lat' dir='ltr'>ex</span> <span class='ocrx_word' id='word_1_36' title='bbox 1321 448 1462 533; x_wconf 89' lang='lat' dir='ltr'>partibus</span> 
     </span>
     <span class='ocr_line' id='line_1_4' title="bbox 137 540 1463 631; baseline 0.001 -23"><span class='ocrx_word' id='word_1_37' title='bbox 137 542 235 618; x_wconf 89' lang='lat' dir='ltr'>iuris,</span> <span class='ocrx_word' id='word_1_38' title='bbox 256 540 296 608; x_wconf 91' lang='lat' dir='ltr'>de</span> <span class='ocrx_word' id='word_1_39' title='bbox 318 543 433 628; x_wconf 89' lang='lat' dir='ltr'>quibus</span> <span class='ocrx_word' id='word_1_40' title='bbox 453 552 526 630; x_wconf 92' lang='lat' dir='ltr'>post</span> <span class='ocrx_word' id='word_1_41' title='bbox 547 543 712 610; x_wconf 89' lang='lat' dir='ltr'>dicendum</span> <span class='ocrx_word' id='word_1_42' title='bbox 735 552 800 618; x_wconf 90' lang='lat' dir='ltr'>est,</span> <span class='ocrx_word' id='word_1_43' title='bbox 827 541 908 609; x_wconf 91' lang='lat' dir='ltr'>sumi</span> <span class='ocrx_word' id='word_1_44' title='bbox 929 545 1090 630; x_wconf 76' lang='lat' dir='ltr'>oportebit</span> <span class='ocrx_word' id='word_1_45' title='bbox 1110 549 1142 607; x_wconf 88' lang='lat' dir='ltr'>et</span> <span class='ocrx_word' id='word_1_46' title='bbox 1161 541 1360 619; x_wconf 88' lang='lat' dir='ltr'>ratiocinari,</span> <span class='ocrx_word' id='word_1_47' title='bbox 1387 543 1463 631; x_wconf 91' lang='lat' dir='ltr'>qnid</span> 
     </span>
     <span class='ocr_line' id='line_1_5' title="bbox 137 635 1463 722; baseline 0 -19"><span class='ocrx_word' id='word_1_48' title='bbox 137 635 172 704; x_wconf 90' lang='lat' dir='ltr'>io</span> <span class='ocrx_word' id='word_1_49' title='bbox 193 637 349 704; x_wconf 72' lang='lat' dir='ltr'>similibus</span> <span class='ocrx_word' id='word_1_50' title='bbox 370 636 466 704; x_wconf 89' lang='lat' dir='ltr'>rebus</span> <span class='ocrx_word' id='word_1_51' title='bbox 486 637 554 704; x_wconf 89' lang='lat' dir='ltr'>lieri</span> <span class='ocrx_word' id='word_1_52' title='bbox 575 641 690 715; x_wconf 80' lang='lat' dir='ltr'>soleat,</span> <span class='ocrx_word' id='word_1_53' title='bbox 727 647 759 704; x_wconf 90' lang='lat' dir='ltr'>et</span> <span class='ocrx_word' id='word_1_54' title='bbox 785 638 913 712; x_wconf 81' lang='lat' dir='ltr'>ridere,</span> <span class='ocrx_word' id='word_1_55' title='bbox 947 646 1054 704; x_wconf 89' lang='lat' dir='ltr'>utrum</span> <span class='ocrx_word' id='word_1_56' title='bbox 1083 636 1201 703; x_wconf 73' lang='lat' dir='ltr'>maldia</span> <span class='ocrx_word' id='word_1_57' title='bbox 1229 637 1315 703; x_wconf 87' lang='lat' dir='ltr'>alind</span> <span class='ocrx_word' id='word_1_58' title='bbox 1335 645 1463 722; x_wconf 85' lang='lat' dir='ltr'>agetur,</span> 
     </span>
     <span class='ocr_line' id='line_1_6' title="bbox 138 729 1486 818; baseline -0.004 -20"><span class='ocrx_word' id='word_1_59' title='bbox 138 733 223 798; x_wconf 84' lang='lat' dir='ltr'>aliud</span> <span class='ocrx_word' id='word_1_60' title='bbox 244 731 426 811; x_wconf 77' lang='lat' dir='ltr'>simuletur,</span> <span class='ocrx_word' id='word_1_61' title='bbox 450 755 492 799; x_wconf 86' lang='lat' dir='ltr'>an</span> <span class='ocrx_word' id='word_1_62' title='bbox 513 735 661 811; x_wconf 71' lang='lat' dir='ltr'>suiuus,</span> <span class='ocrx_word' id='word_1_63' title='bbox 685 754 726 798; x_wconf 87' lang='lat' dir='ltr'>an</span> <span class='ocrx_word' id='word_1_64' title='bbox 747 729 996 807; x_wconf 83' lang='lat' dir='ltr'>necessitudine,</span> <span class='ocrx_word' id='word_1_65' title='bbox 1019 734 1106 818; x_wconf 91' lang='lat' dir='ltr'>quod</span> <span class='ocrx_word' id='word_1_66' title='bbox 1128 733 1192 798; x_wconf 92' lang='lat' dir='ltr'>alio</span> <span class='ocrx_word' id='word_1_67' title='bbox 1214 733 1310 797; x_wconf 91' lang='lat' dir='ltr'>modo</span> <span class='ocrx_word' id='word_1_68' title='bbox 1333 730 1385 816; x_wconf 88' lang='lat' dir='ltr'>agi</span> <span class='ocrx_word' id='word_1_69' title='bbox 1399 750 1486 801; x_wconf 80' lang='lat' dir='ltr'>nous</span> 
     </span>
     <span class='ocr_line' id='line_1_7' title="bbox 138 825 1465 916; baseline -0.003 -22"><span class='ocrx_word' id='word_1_70' title='bbox 138 829 252 916; x_wconf 83' lang='lat' dir='ltr'>possit,</span> <span class='ocrx_word' id='word_1_71' title='bbox 287 847 329 893; x_wconf 87' lang='lat' dir='ltr'>an</span> <span class='ocrx_word' id='word_1_72' title='bbox 359 828 526 895; x_wconf 87' lang='lat' dir='ltr'>occasione</span> <span class='ocrx_word' id='word_1_73' title='bbox 555 827 670 912; x_wconf 80' lang='lat' dir='ltr'>agendi</span> <span class='ocrx_word' id='word_1_74' title='bbox 700 829 745 892; x_wconf 91' lang='lat' dir='ltr'>sic</span> <span class='ocrx_word' id='word_1_75' title='bbox 773 828 816 892; x_wconf 90' lang='lat' dir='ltr'>sit</span> <span class='ocrx_word' id='word_1_76' title='bbox 842 827 993 892; x_wconf 91' lang='lat' dir='ltr'>iudicium</span> <span class='ocrx_word' id='word_1_77' title='bbox 1020 835 1076 892; x_wconf 92' lang='lat' dir='ltr'>aut</span> <span class='ocrx_word' id='word_1_78' title='bbox 1095 826 1179 893; x_wconf 92' lang='lat' dir='ltr'>actio</span> <span class='ocrx_word' id='word_1_79' title='bbox 1201 825 1385 903; x_wconf 90' lang='lat' dir='ltr'>constituta,</span> <span class='ocrx_word' id='word_1_80' title='bbox 1422 844 1465 899; x_wconf 71' lang='lat' dir='ltr'>aa</span> 
     </span>
     <span class='ocr_line' id='line_1_8' title="bbox 139 918 1466 1004; baseline -0.003 -16"><span class='ocrx_word' id='word_1_81' title='bbox 139 930 224 988; x_wconf 90' lang='lat' dir='ltr'>recte</span> <span class='ocrx_word' id='word_1_82' title='bbox 245 924 314 987; x_wconf 89' lang='lat' dir='ltr'>sine</span> <span class='ocrx_word' id='word_1_83' title='bbox 335 921 401 987; x_wconf 86' lang='lat' dir='ltr'>ulla</span> <span class='ocrx_word' id='word_1_84' title='bbox 422 945 457 989; x_wconf 91' lang='lat' dir='ltr'>re</span> <span class='ocrx_word' id='word_1_85' title='bbox 479 920 634 989; x_wconf 91' lang='lat' dir='ltr'>eiusmodi</span> <span class='ocrx_word' id='word_1_86' title='bbox 657 943 708 987; x_wconf 85' lang='lat' dir='ltr'>res</span> <span class='ocrx_word' id='word_1_87' title='bbox 729 927 852 1004; x_wconf 90' lang='lat' dir='ltr'>agatur.</span> <span class='ocrx_word' id='word_1_88' title='bbox 897 923 1001 987; x_wconf 86' lang='lat' dir='ltr'>Locus</span> <span class='ocrx_word' id='word_1_89' title='bbox 1028 929 1134 988; x_wconf 89' lang='lat' dir='ltr'>autem</span> <span class='ocrx_word' id='word_1_90' title='bbox 1156 922 1332 988; x_wconf 91' lang='lat' dir='ltr'>communis</span> <span class='ocrx_word' id='word_1_91' title='bbox 1355 918 1466 985; x_wconf 72' lang='lat' dir='ltr'>conus</span> 
     </span>
     <span class='ocr_line' id='line_1_9' title="bbox 139 1012 1466 1104; baseline 0 -23"><span class='ocrx_word' id='word_1_92' title='bbox 139 1037 230 1093; x_wconf 91' lang='lat' dir='ltr'>eum,</span> <span class='ocrx_word' id='word_1_93' title='bbox 254 1017 309 1102; x_wconf 88' lang='lat' dir='ltr'>qui</span> <span class='ocrx_word' id='word_1_94' title='bbox 333 1018 570 1083; x_wconf 73' lang='lat' dir='ltr'>translationem</span> <span class='ocrx_word' id='word_1_95' title='bbox 591 1017 736 1082; x_wconf 85' lang='lat' dir='ltr'>inducet:</span> <span class='ocrx_word' id='word_1_96' title='bbox 761 1012 871 1099; x_wconf 84' lang='lat' dir='ltr'>iugero</span> <span class='ocrx_word' id='word_1_97' title='bbox 892 1016 1043 1081; x_wconf 89' lang='lat' dir='ltr'>iudicium</span> <span class='ocrx_word' id='word_1_98' title='bbox 1064 1038 1102 1082; x_wconf 88' lang='lat' dir='ltr'>ac</span> <span class='ocrx_word' id='word_1_99' title='bbox 1122 1036 1277 1104; x_wconf 88' lang='lat' dir='ltr'>poenam,</span> <span class='ocrx_word' id='word_1_100' title='bbox 1301 1016 1377 1101; x_wconf 89' lang='lat' dir='ltr'>qnia</span> <span class='ocrx_word' id='word_1_101' title='bbox 1391 1034 1466 1081; x_wconf 85' lang='lat' dir='ltr'>cau-</span> 
     </span>
     <span class='ocr_line' id='line_1_10' title="bbox 138 1109 1466 1194; baseline -0.005 -15"><span class='ocrx_word' id='word_1_102' title='bbox 138 1134 193 1178; x_wconf 86' lang='lat' dir='ltr'>sae</span> <span class='ocrx_word' id='word_1_103' title='bbox 214 1111 344 1179; x_wconf 86' lang='lat' dir='ltr'>diffidat.</span> <span class='ocrx_word' id='word_1_104' title='bbox 388 1114 416 1176; x_wconf 79' lang='lat' dir='ltr'>A</span> <span class='ocrx_word' id='word_1_105' title='bbox 437 1109 639 1177; x_wconf 86' lang='lat' dir='ltr'>translatione</span> <span class='ocrx_word' id='word_1_106' title='bbox 661 1117 785 1175; x_wconf 88' lang='lat' dir='ltr'>autem:</span> <span class='ocrx_word' id='word_1_107' title='bbox 809 1110 951 1173; x_wconf 91' lang='lat' dir='ltr'>omnium</span> <span class='ocrx_word' id='word_1_108' title='bbox 965 1110 1034 1175; x_wconf 83' lang='lat' dir='ltr'>iore</span> <span class='ocrx_word' id='word_1_109' title='bbox 1048 1111 1336 1194; x_wconf 80' lang='lat' dir='ltr'>perturbationem,</span> <span class='ocrx_word' id='word_1_110' title='bbox 1358 1109 1466 1173; x_wconf 92' lang='lat' dir='ltr'>sinon</span> 
     </span>
     <span class='ocr_line' id='line_1_11' title="bbox 138 1202 1503 1291; baseline -0.007 -21"><span class='ocrx_word' id='word_1_111' title='bbox 138 1209 254 1273; x_wconf 83' lang='lat' dir='ltr'>iteres</span> <span class='ocrx_word' id='word_1_112' title='bbox 275 1212 407 1291; x_wconf 87' lang='lat' dir='ltr'>agantur</span> <span class='ocrx_word' id='word_1_113' title='bbox 429 1213 461 1269; x_wconf 91' lang='lat' dir='ltr'>et</span> <span class='ocrx_word' id='word_1_114' title='bbox 482 1206 515 1269; x_wconf 94' lang='lat' dir='ltr'>in</span> <span class='ocrx_word' id='word_1_115' title='bbox 539 1206 689 1270; x_wconf 89' lang='lat' dir='ltr'>iudicium</span> <span class='ocrx_word' id='word_1_116' title='bbox 709 1202 853 1279; x_wconf 82' lang='lat' dir='ltr'>veniant,</span> <span class='ocrx_word' id='word_1_117' title='bbox 879 1209 942 1288; x_wconf 77' lang='lat' dir='ltr'>quio</span> <span class='ocrx_word' id='word_1_118' title='bbox 962 1210 1056 1289; x_wconf 90' lang='lat' dir='ltr'>pacto</span> <span class='ocrx_word' id='word_1_119' title='bbox 1078 1213 1241 1288; x_wconf 88' lang='lat' dir='ltr'>oporteat;</span> <span class='ocrx_word' id='word_1_120' title='bbox 1266 1205 1327 1267; x_wconf 92' lang='lat' dir='ltr'>hoc</span> <span class='ocrx_word' id='word_1_121' title='bbox 1349 1208 1414 1277; x_wconf 90' lang='lat' dir='ltr'>est,</span> <span class='ocrx_word' id='word_1_122' title='bbox 1437 1202 1503 1268; x_wconf 85' lang='lat' dir='ltr'>siso</span> 
     </span>
     <span class='ocr_line' id='line_1_12' title="bbox 139 1294 1464 1385; baseline -0.005 -19"><span class='ocrx_word' id='word_1_123' title='bbox 139 1310 195 1366; x_wconf 88' lang='lat' dir='ltr'>aut</span> <span class='ocrx_word' id='word_1_124' title='bbox 213 1322 286 1367; x_wconf 90' lang='lat' dir='ltr'>cnm</span> <span class='ocrx_word' id='word_1_125' title='bbox 307 1321 346 1366; x_wconf 90' lang='lat' dir='ltr'>eo</span> <span class='ocrx_word' id='word_1_126' title='bbox 369 1308 496 1384; x_wconf 84' lang='lat' dir='ltr'>agatur,</span> <span class='ocrx_word' id='word_1_127' title='bbox 521 1301 647 1385; x_wconf 89' lang='lat' dir='ltr'>quicum</span> <span class='ocrx_word' id='word_1_128' title='bbox 670 1321 734 1365; x_wconf 95' lang='lat' dir='ltr'>non</span> <span class='ocrx_word' id='word_1_129' title='bbox 756 1305 920 1385; x_wconf 86' lang='lat' dir='ltr'>oporteat,</span> <span class='ocrx_word' id='word_1_130' title='bbox 944 1306 1000 1362; x_wconf 87' lang='lat' dir='ltr'>ant</span> <span class='ocrx_word' id='word_1_131' title='bbox 1019 1299 1082 1363; x_wconf 90' lang='lat' dir='ltr'>alia</span> <span class='ocrx_word' id='word_1_132' title='bbox 1095 1318 1218 1385; x_wconf 91' lang='lat' dir='ltr'>poena,</span> <span class='ocrx_word' id='word_1_133' title='bbox 1241 1298 1304 1362; x_wconf 88' lang='lat' dir='ltr'>ulio</span> <span class='ocrx_word' id='word_1_134' title='bbox 1319 1294 1464 1372; x_wconf 90' lang='lat' dir='ltr'>crimine,</span> 
     </span>
     <span class='ocr_line' id='line_1_13' title="bbox 138 1390 1466 1482; baseline -0.005 -20"><span class='ocrx_word' id='word_1_135' title='bbox 138 1395 202 1462; x_wconf 91' lang='lat' dir='ltr'>alio</span> <span class='ocrx_word' id='word_1_136' title='bbox 216 1403 378 1482; x_wconf 89' lang='lat' dir='ltr'>tempore;</span> <span class='ocrx_word' id='word_1_137' title='bbox 402 1401 496 1481; x_wconf 71' lang='lat' dir='ltr'>atqm</span> <span class='ocrx_word' id='word_1_138' title='bbox 510 1392 591 1460; x_wconf 84' lang='lat' dir='ltr'>banc</span> <span class='ocrx_word' id='word_1_139' title='bbox 605 1396 759 1460; x_wconf 89' lang='lat' dir='ltr'>rationem</span> <span class='ocrx_word' id='word_1_140' title='bbox 775 1397 815 1458; x_wconf 88' lang='lat' dir='ltr'>ad</span> <span class='ocrx_word' id='word_1_141' title='bbox 830 1390 1101 1477; x_wconf 84' lang='lat' dir='ltr'>perturbationem</span> <span class='ocrx_word' id='word_1_142' title='bbox 1121 1392 1312 1461; x_wconf 87' lang='lat' dir='ltr'>iudiciorum</span> <span class='ocrx_word' id='word_1_143' title='bbox 1326 1392 1466 1456; x_wconf 90' lang='lat' dir='ltr'>omnium</span> 
     </span>
     <span class='ocr_line' id='line_1_14' title="bbox 139 1485 1466 1574; baseline -0.005 -19"><span class='ocrx_word' id='word_1_144' title='bbox 139 1491 309 1574; x_wconf 86' lang='lat' dir='ltr'>pertinere.</span> <span class='ocrx_word' id='word_1_145' title='bbox 354 1492 430 1554; x_wconf 86' lang='lat' dir='ltr'>Tres</span> <span class='ocrx_word' id='word_1_146' title='bbox 452 1488 548 1574; x_wconf 90' lang='lat' dir='ltr'>igitur</span> <span class='ocrx_word' id='word_1_147' title='bbox 569 1510 626 1556; x_wconf 88' lang='lat' dir='ltr'>eae</span> <span class='ocrx_word' id='word_1_148' title='bbox 647 1491 907 1565; x_wconf 85' lang='lat' dir='ltr'>constitutiones,</span> <span class='ocrx_word' id='word_1_149' title='bbox 940 1508 1022 1573; x_wconf 91' lang='lat' dir='ltr'>quae</span> <span class='ocrx_word' id='word_1_150' title='bbox 1044 1495 1150 1573; x_wconf 87' lang='lat' dir='ltr'>partes</span> <span class='ocrx_word' id='word_1_151' title='bbox 1172 1508 1236 1553; x_wconf 93' lang='lat' dir='ltr'>non</span> <span class='ocrx_word' id='word_1_152' title='bbox 1256 1488 1395 1562; x_wconf 88' lang='lat' dir='ltr'>habent,</span> <span class='ocrx_word' id='word_1_153' title='bbox 1426 1485 1466 1549; x_wconf 82' lang='lat' dir='ltr'>ad</span> 
     </span>
     <span class='ocr_line' id='line_1_15' title="bbox 138 1580 1467 1669; baseline -0.004 -21"><span class='ocrx_word' id='word_1_154' title='bbox 138 1581 222 1649; x_wconf 92' lang='lat' dir='ltr'>bunc</span> <span class='ocrx_word' id='word_1_155' title='bbox 253 1580 383 1649; x_wconf 92' lang='lat' dir='ltr'>modum</span> <span class='ocrx_word' id='word_1_156' title='bbox 413 1586 639 1650; x_wconf 77' lang='lat' dir='ltr'>uactnbuntur.</span> <span class='ocrx_word' id='word_1_157' title='bbox 680 1587 771 1651; x_wconf 90' lang='lat' dir='ltr'>Nunc</span> <span class='ocrx_word' id='word_1_158' title='bbox 803 1581 985 1669; x_wconf 78' lang='lat' dir='ltr'>generalem</span> <span class='ocrx_word' id='word_1_159' title='bbox 1015 1581 1273 1648; x_wconf 90' lang='lat' dir='ltr'>constitutionem</span> <span class='ocrx_word' id='word_1_160' title='bbox 1302 1588 1334 1645; x_wconf 91' lang='lat' dir='ltr'>et</span> <span class='ocrx_word' id='word_1_161' title='bbox 1360 1585 1467 1667; x_wconf 89' lang='lat' dir='ltr'>partes</span> 
     </span>
     <span class='ocr_line' id='line_1_16' title="bbox 140 1678 1504 1744; baseline -0.007 -2"><span class='ocrx_word' id='word_1_162' title='bbox 140 1678 208 1742; x_wconf 89' lang='lat' dir='ltr'>eius</span> <span class='ocrx_word' id='word_1_163' title='bbox 230 1678 478 1744; x_wconf 89' lang='lat' dir='ltr'>consideremus.</span> <span class='ocrx_word' id='word_1_164' title='bbox 1475 1690 1504 1733; x_wconf 84' lang='lat' dir='ltr'>ss</span> 
     </span>
     <span class='ocr_line' id='line_1_17' title="bbox 223 1769 1468 1858; baseline 0 -23"><span class='ocrx_word' id='word_1_165' title='bbox 223 1772 315 1836; x_wconf 82' lang='lat' dir='ltr'>xxl.</span> <span class='ocrx_word' id='word_1_166' title='bbox 341 1774 394 1839; x_wconf 77' lang='grc'>60.</span> <span class='ocrx_word' id='word_1_167' title='bbox 425 1772 504 1836; x_wconf 90' lang='lat' dir='ltr'>Cum</span> <span class='ocrx_word' id='word_1_168' title='bbox 526 1778 559 1837; x_wconf 88' lang='lat' dir='ltr'>et</span> <span class='ocrx_word' id='word_1_169' title='bbox 578 1769 663 1838; x_wconf 83' lang='lat' dir='ltr'>lacto</span> <span class='ocrx_word' id='word_1_170' title='bbox 685 1778 718 1837; x_wconf 91' lang='lat' dir='ltr'>et</span> <span class='ocrx_word' id='word_1_171' title='bbox 738 1769 812 1837; x_wconf 87' lang='lat' dir='ltr'>iacti</span> <span class='ocrx_word' id='word_1_172' title='bbox 833 1774 963 1839; x_wconf 90' lang='lat' dir='ltr'>nomine</span> <span class='ocrx_word' id='word_1_173' title='bbox 986 1791 1137 1839; x_wconf 89' lang='lat' dir='ltr'>concesso</span> <span class='ocrx_word' id='word_1_174' title='bbox 1157 1791 1261 1858; x_wconf 89' lang='lat' dir='ltr'>neque</span> <span class='ocrx_word' id='word_1_175' title='bbox 1283 1771 1349 1835; x_wconf 86' lang='lat' dir='ltr'>ulla</span> <span class='ocrx_word' id='word_1_176' title='bbox 1370 1769 1468 1835; x_wconf 90' lang='lat' dir='ltr'>actio-</span> 
     </span>
     <span class='ocr_line' id='line_1_18' title="bbox 140 1864 1465 1951; baseline -0.002 -21"><span class='ocrx_word' id='word_1_177' title='bbox 140 1866 188 1930; x_wconf 85' lang='lat' dir='ltr'>nis</span> <span class='ocrx_word' id='word_1_178' title='bbox 208 1865 295 1931; x_wconf 90' lang='lat' dir='ltr'>illata</span> <span class='ocrx_word' id='word_1_179' title='bbox 317 1868 544 1942; x_wconf 84' lang='lat' dir='ltr'>controversia,</span> <span class='ocrx_word' id='word_1_180' title='bbox 577 1868 625 1932; x_wconf 83' lang='lat' dir='ltr'>ris</span> <span class='ocrx_word' id='word_1_181' title='bbox 656 1875 688 1932; x_wconf 89' lang='lat' dir='ltr'>et</span> <span class='ocrx_word' id='word_1_182' title='bbox 711 1875 824 1932; x_wconf 88' lang='lat' dir='ltr'>natura</span> <span class='ocrx_word' id='word_1_183' title='bbox 845 1876 878 1934; x_wconf 92' lang='lat' dir='ltr'>et</span> <span class='ocrx_word' id='word_1_184' title='bbox 899 1888 999 1951; x_wconf 90' lang='lat' dir='ltr'>genus</span> <span class='ocrx_word' id='word_1_185' title='bbox 1021 1865 1141 1951; x_wconf 88' lang='lat' dir='ltr'>negotii</span> <span class='ocrx_word' id='word_1_186' title='bbox 1163 1868 1263 1950; x_wconf 89' lang='lat' dir='ltr'>ipsius</span> <span class='ocrx_word' id='word_1_187' title='bbox 1284 1864 1465 1950; x_wconf 86' lang='lat' dir='ltr'>quaeritur,</span> 
     </span>
     <span class='ocr_line' id='line_1_19' title="bbox 140 1960 1467 2047; baseline -0.001 -23"><span class='ocrx_word' id='word_1_188' title='bbox 140 1961 395 2026; x_wconf 87' lang='lat' dir='ltr'>constitutionem</span> <span class='ocrx_word' id='word_1_189' title='bbox 425 1960 605 2046; x_wconf 78' lang='lat' dir='ltr'>generalem</span> <span class='ocrx_word' id='word_1_190' title='bbox 633 1963 839 2047; x_wconf 88' lang='lat' dir='ltr'>appellamus.</span> <span class='ocrx_word' id='word_1_191' title='bbox 883 1963 987 2027; x_wconf 88' lang='lat' dir='ltr'>Huius</span> <span class='ocrx_word' id='word_1_192' title='bbox 1012 1961 1131 2047; x_wconf 87' lang='lat' dir='ltr'>primas</span> <span class='ocrx_word' id='word_1_193' title='bbox 1157 1980 1228 2025; x_wconf 87' lang='lat' dir='ltr'>esse</span> <span class='ocrx_word' id='word_1_194' title='bbox 1255 1967 1361 2046; x_wconf 88' lang='lat' dir='ltr'>partes</span> <span class='ocrx_word' id='word_1_195' title='bbox 1389 1961 1467 2023; x_wconf 87' lang='lat' dir='ltr'>duas</span> 
     </span>
     <span class='ocr_line' id='line_1_20' title="bbox 139 2052 1467 2142; baseline -0.002 -22"><span class='ocrx_word' id='word_1_196' title='bbox 139 2052 233 2121; x_wconf 88' lang='lat' dir='ltr'>nobis</span> <span class='ocrx_word' id='word_1_197' title='bbox 253 2056 355 2125; x_wconf 83' lang='lat' dir='ltr'>videri</span> <span class='ocrx_word' id='word_1_198' title='bbox 376 2058 532 2133; x_wconf 85' lang='lat' dir='ltr'>diximus,</span> <span class='ocrx_word' id='word_1_199' title='bbox 562 2055 752 2140; x_wconf 78' lang='lat' dir='ltr'>negotialem</span> <span class='ocrx_word' id='word_1_200' title='bbox 774 2063 807 2121; x_wconf 92' lang='lat' dir='ltr'>et</span> <span class='ocrx_word' id='word_1_201' title='bbox 825 2055 1046 2123; x_wconf 87' lang='lat' dir='ltr'>iuridicialem.</span> <span class='ocrx_word' id='word_1_202' title='bbox 1090 2056 1264 2140; x_wconf 89' lang='lat' dir='ltr'>Negotialis</span> <span class='ocrx_word' id='word_1_203' title='bbox 1285 2061 1350 2131; x_wconf 90' lang='lat' dir='ltr'>est,</span> <span class='ocrx_word' id='word_1_204' title='bbox 1385 2073 1467 2142; x_wconf 85' lang='lat' dir='ltr'>quae</span> 
     </span>
     <span class='ocr_line' id='line_1_21' title="bbox 139 2148 1504 2235; baseline 0 -23"><span class='ocrx_word' id='word_1_205' title='bbox 139 2150 173 2215; x_wconf 92' lang='lat' dir='ltr'>in</span> <span class='ocrx_word' id='word_1_206' title='bbox 202 2148 272 2235; x_wconf 88' lang='lat' dir='ltr'>ipso</span> <span class='ocrx_word' id='word_1_207' title='bbox 300 2151 430 2234; x_wconf 90' lang='lat' dir='ltr'>negotio</span> <span class='ocrx_word' id='word_1_208' title='bbox 457 2152 536 2215; x_wconf 91' lang='lat' dir='ltr'>iuris</span> <span class='ocrx_word' id='word_1_209' title='bbox 565 2149 666 2215; x_wconf 86' lang='lat' dir='ltr'>civilis</span> <span class='ocrx_word' id='word_1_210' title='bbox 694 2150 791 2217; x_wconf 88' lang='lat' dir='ltr'>babet</span> <span class='ocrx_word' id='word_1_211' title='bbox 818 2151 1009 2234; x_wconf 88' lang='lat' dir='ltr'>implicatam</span> <span class='ocrx_word' id='word_1_212' title='bbox 1039 2149 1300 2215; x_wconf 85' lang='lat' dir='ltr'>controversiam.</span> <span class='ocrx_word' id='word_1_213' title='bbox 1344 2152 1391 2214; x_wconf 85' lang='lat' dir='ltr'>Ea</span> <span class='ocrx_word' id='word_1_214' title='bbox 1419 2154 1504 2214; x_wconf 85' lang='lat' dir='ltr'>estse</span> 
     </span>
     <span class='ocr_line' id='line_1_22' title="bbox 139 2245 1468 2333; baseline 0.002 -25"><span class='ocrx_word' id='word_1_215' title='bbox 139 2245 337 2310; x_wconf 84' lang='lat' dir='ltr'>huiusmodi:</span> <span class='ocrx_word' id='word_1_216' title='bbox 375 2245 512 2322; x_wconf 87' lang='lat' dir='ltr'>Quidam</span> <span class='ocrx_word' id='word_1_217' title='bbox 533 2245 688 2331; x_wconf 92' lang='lat' dir='ltr'>pupillum</span> <span class='ocrx_word' id='word_1_218' title='bbox 710 2247 862 2309; x_wconf 89' lang='lat' dir='ltr'>heredem</span> <span class='ocrx_word' id='word_1_219' title='bbox 883 2246 977 2322; x_wconf 85' lang='lat' dir='ltr'>lecit;</span> <span class='ocrx_word' id='word_1_220' title='bbox 1000 2247 1140 2333; x_wconf 89' lang='lat' dir='ltr'>pupillus</span> <span class='ocrx_word' id='word_1_221' title='bbox 1160 2252 1266 2310; x_wconf 88' lang='lat' dir='ltr'>autern</span> <span class='ocrx_word' id='word_1_222' title='bbox 1288 2251 1360 2310; x_wconf 90' lang='lat' dir='ltr'>ante</span> <span class='ocrx_word' id='word_1_223' title='bbox 1383 2262 1468 2310; x_wconf 84' lang='lat' dir='ltr'>mor·</span> 
     </span>
     <span class='ocr_line' id='line_1_23' title="bbox 140 2338 1469 2426; baseline 0 -22"><span class='ocrx_word' id='word_1_224' title='bbox 140 2346 212 2404; x_wconf 90' lang='lat' dir='ltr'>tuus</span> <span class='ocrx_word' id='word_1_225' title='bbox 235 2346 301 2416; x_wconf 91' lang='lat' dir='ltr'>est,</span> <span class='ocrx_word' id='word_1_226' title='bbox 325 2359 420 2425; x_wconf 87' lang='lat' dir='ltr'>quam</span> <span class='ocrx_word' id='word_1_227' title='bbox 440 2340 474 2404; x_wconf 92' lang='lat' dir='ltr'>in</span> <span class='ocrx_word' id='word_1_228' title='bbox 497 2359 586 2404; x_wconf 86' lang='lat' dir='ltr'>suam</span> <span class='ocrx_word' id='word_1_229' title='bbox 606 2340 737 2403; x_wconf 89' lang='lat' dir='ltr'>tutelam</span> <span class='ocrx_word' id='word_1_230' title='bbox 757 2338 907 2404; x_wconf 83' lang='lat' dir='ltr'>venisset.</span> <span class='ocrx_word' id='word_1_231' title='bbox 951 2343 998 2404; x_wconf 88' lang='lat' dir='ltr'>De</span> <span class='ocrx_word' id='word_1_232' title='bbox 1021 2339 1194 2406; x_wconf 88' lang='lat' dir='ltr'>hereditate</span> <span class='ocrx_word' id='word_1_233' title='bbox 1216 2362 1273 2417; x_wconf 87' lang='lat' dir='ltr'>ea,</span> <span class='ocrx_word' id='word_1_234' title='bbox 1308 2359 1388 2426; x_wconf 86' lang='lat' dir='ltr'>quae</span> <span class='ocrx_word' id='word_1_235' title='bbox 1409 2357 1469 2425; x_wconf 91' lang='lat' dir='ltr'>pu·</span> 
     </span>
     <span class='ocr_line' id='line_1_24' title="bbox 139 2432 1470 2520; baseline 0 -22"><span class='ocrx_word' id='word_1_236' title='bbox 139 2434 217 2518; x_wconf 92' lang='lat' dir='ltr'>pillo</span> <span class='ocrx_word' id='word_1_237' title='bbox 239 2435 344 2511; x_wconf 79' lang='lat' dir='ltr'>venit,</span> <span class='ocrx_word' id='word_1_238' title='bbox 367 2432 544 2511; x_wconf 90' lang='lat' dir='ltr'>intereos,</span> <span class='ocrx_word' id='word_1_239' title='bbox 576 2435 630 2518; x_wconf 90' lang='lat' dir='ltr'>qui</span> <span class='ocrx_word' id='word_1_240' title='bbox 652 2441 750 2517; x_wconf 82' lang='lat' dir='ltr'>patris</span> <span class='ocrx_word' id='word_1_241' title='bbox 771 2435 883 2520; x_wconf 91' lang='lat' dir='ltr'>pupilli</span> <span class='ocrx_word' id='word_1_242' title='bbox 905 2435 1038 2499; x_wconf 89' lang='lat' dir='ltr'>heredes</span> <span class='ocrx_word' id='word_1_243' title='bbox 1059 2435 1189 2499; x_wconf 91' lang='lat' dir='ltr'>secundi</span> <span class='ocrx_word' id='word_1_244' title='bbox 1211 2441 1303 2510; x_wconf 89' lang='lat' dir='ltr'>sunt,</span> <span class='ocrx_word' id='word_1_245' title='bbox 1334 2442 1366 2499; x_wconf 92' lang='lat' dir='ltr'>et</span> <span class='ocrx_word' id='word_1_246' title='bbox 1385 2433 1470 2498; x_wconf 86' lang='lat' dir='ltr'>inter</span> 
     </span>
     <span class='ocr_line' id='line_1_25' title="bbox 140 2527 1466 2615; baseline -0.002 -22"><span class='ocrx_word' id='word_1_247' title='bbox 140 2537 271 2612; x_wconf 74' lang='lat' dir='ltr'>agotum</span> <span class='ocrx_word' id='word_1_248' title='bbox 300 2527 413 2615; x_wconf 91' lang='lat' dir='ltr'>pupilli</span> <span class='ocrx_word' id='word_1_249' title='bbox 441 2528 657 2594; x_wconf 82' lang='lat' dir='ltr'>controversia</span> <span class='ocrx_word' id='word_1_250' title='bbox 689 2535 747 2592; x_wconf 86' lang='lat' dir='ltr'>est.</span> <span class='ocrx_word' id='word_1_251' title='bbox 792 2529 954 2594; x_wconf 87' lang='lat' dir='ltr'>Possessio</span> <span class='ocrx_word' id='word_1_252' title='bbox 983 2527 1138 2595; x_wconf 89' lang='lat' dir='ltr'>heredum</span> <span class='ocrx_word' id='word_1_253' title='bbox 1167 2531 1378 2594; x_wconf 87' lang='lat' dir='ltr'>secundorum</span> <span class='ocrx_word' id='word_1_254' title='bbox 1407 2533 1466 2592; x_wconf 86' lang='lat' dir='ltr'>est.</span> 
     </span>
     <span class='ocr_line' id='line_1_26' title="bbox 140 2620 1505 2709; baseline 0.001 -24"><span class='ocrx_word' id='word_1_255' title='bbox 140 2623 277 2688; x_wconf 88' lang='lat' dir='ltr'>Intentio</span> <span class='ocrx_word' id='word_1_256' title='bbox 303 2632 351 2690; x_wconf 86' lang='lat' dir='ltr'>est</span> <span class='ocrx_word' id='word_1_257' title='bbox 378 2630 581 2708; x_wconf 79' lang='lat' dir='ltr'>agnatorum:</span> <span class='ocrx_word' id='word_1_258' title='bbox 617 2625 731 2688; x_wconf 89' lang='lat' dir='ltr'>Nostra</span> <span class='ocrx_word' id='word_1_259' title='bbox 760 2623 894 2706; x_wconf 88' lang='lat' dir='ltr'>pecunia</span> <span class='ocrx_word' id='word_1_260' title='bbox 921 2629 987 2700; x_wconf 90' lang='lat' dir='ltr'>est,</span> <span class='ocrx_word' id='word_1_261' title='bbox 1023 2625 1063 2687; x_wconf 88' lang='lat' dir='ltr'>de</span> <span class='ocrx_word' id='word_1_262' title='bbox 1085 2643 1148 2709; x_wconf 90' lang='lat' dir='ltr'>qua</span> <span class='ocrx_word' id='word_1_263' title='bbox 1170 2625 1218 2699; x_wconf 85' lang='lat' dir='ltr'>is,</span> <span class='ocrx_word' id='word_1_264' title='bbox 1253 2624 1341 2687; x_wconf 92' lang='lat' dir='ltr'>cuius</span> <span class='ocrx_word' id='word_1_265' title='bbox 1362 2620 1505 2706; x_wconf 84' lang='lat' dir='ltr'>agnatiss</span> 
     </span>
     <span class='ocr_line' id='line_1_27' title="bbox 141 2714 1469 2803; baseline 0 -23"><span class='ocrx_word' id='word_1_266' title='bbox 141 2736 267 2794; x_wconf 85' lang='lat' dir='ltr'>sumus,</span> <span class='ocrx_word' id='word_1_267' title='bbox 295 2724 426 2783; x_wconf 84' lang='lat' dir='ltr'>testatus</span> <span class='ocrx_word' id='word_1_268' title='bbox 448 2738 513 2785; x_wconf 93' lang='lat' dir='ltr'>non</span> <span class='ocrx_word' id='word_1_269' title='bbox 535 2726 594 2783; x_wconf 82' lang='lat' dir='ltr'>est.</span> <span class='ocrx_word' id='word_1_270' title='bbox 635 2717 788 2803; x_wconf 87' lang='lat' dir='ltr'>Depulsio</span> <span class='ocrx_word' id='word_1_271' title='bbox 811 2724 874 2783; x_wconf 87' lang='lat' dir='ltr'>est:</span> <span class='ocrx_word' id='word_1_272' title='bbox 907 2718 1007 2781; x_wconf 93' lang='lat' dir='ltr'>Immo</span> <span class='ocrx_word' id='word_1_273' title='bbox 1029 2724 1155 2792; x_wconf 88' lang='lat' dir='ltr'>nostra,</span> <span class='ocrx_word' id='word_1_274' title='bbox 1186 2714 1241 2802; x_wconf 92' lang='lat' dir='ltr'>qui</span> <span class='ocrx_word' id='word_1_275' title='bbox 1262 2717 1397 2781; x_wconf 89' lang='lat' dir='ltr'>heredes</span> <span class='ocrx_word' id='word_1_276' title='bbox 1418 2733 1469 2782; x_wconf 89' lang='lat' dir='ltr'>so-</span> 
     </span>
     <span class='ocr_line' id='line_1_28' title="bbox 141 2809 1465 2894; baseline 0.001 -22"><span class='ocrx_word' id='word_1_277' title='bbox 141 2809 236 2876; x_wconf 90' lang='lat' dir='ltr'>cundi</span> <span class='ocrx_word' id='word_1_278' title='bbox 255 2817 441 2877; x_wconf 89' lang='lat' dir='ltr'>testamento</span> <span class='ocrx_word' id='word_1_279' title='bbox 463 2810 560 2894; x_wconf 87' lang='lat' dir='ltr'>patris</span> <span class='ocrx_word' id='word_1_280' title='bbox 581 2831 700 2880; x_wconf 81' lang='lat' dir='ltr'>sumus.</span> <span class='ocrx_word' id='word_1_281' title='bbox 741 2812 893 2888; x_wconf 83' lang='lat' dir='ltr'>Quaestio</span> <span class='ocrx_word' id='word_1_282' title='bbox 916 2818 980 2876; x_wconf 88' lang='lat' dir='ltr'>est:</span> <span class='ocrx_word' id='word_1_283' title='bbox 1012 2812 1160 2876; x_wconf 85' lang='lat' dir='ltr'>Utrorum</span> <span class='ocrx_word' id='word_1_284' title='bbox 1189 2810 1250 2876; x_wconf 80' lang='lat' dir='ltr'>siti</span> <span class='ocrx_word' id='word_1_285' title='bbox 1287 2810 1377 2876; x_wconf 81' lang='lat' dir='ltr'>ilatio</span> <span class='ocrx_word' id='word_1_286' title='bbox 1400 2815 1465 2876; x_wconf 89' lang='lat' dir='ltr'>est:</span> 
     </span>
     <span class='ocr_line' id='line_1_29' title="bbox 141 2901 1462 2990; baseline 0 -22"><span class='ocrx_word' id='word_1_287' title='bbox 141 2905 233 2969; x_wconf 85' lang='lat' dir='ltr'>Pater</span> <span class='ocrx_word' id='word_1_288' title='bbox 253 2906 338 2973; x_wconf 91' lang='lat' dir='ltr'>enim</span> <span class='ocrx_word' id='word_1_289' title='bbox 360 2912 392 2970; x_wconf 89' lang='lat' dir='ltr'>et</span> <span class='ocrx_word' id='word_1_290' title='bbox 413 2907 475 2971; x_wconf 90' lang='lat' dir='ltr'>sihi</span> <span class='ocrx_word' id='word_1_291' title='bbox 496 2915 528 2971; x_wconf 89' lang='lat' dir='ltr'>et</span> <span class='ocrx_word' id='word_1_292' title='bbox 548 2904 615 2972; x_wconf 89' lang='lat' dir='ltr'>filio</span> <span class='ocrx_word' id='word_1_293' title='bbox 636 2913 856 2971; x_wconf 88' lang='lat' dir='ltr'>testamentum</span> <span class='ocrx_word' id='word_1_294' title='bbox 878 2904 1017 2990; x_wconf 89' lang='lat' dir='ltr'>scripsit,</span> <span class='ocrx_word' id='word_1_295' title='bbox 1055 2901 1129 2970; x_wconf 93' lang='lat' dir='ltr'>dum</span> <span class='ocrx_word' id='word_1_296' title='bbox 1156 2903 1183 2970; x_wconf 93' lang='lat' dir='ltr'>is</span> <span class='ocrx_word' id='word_1_297' title='bbox 1207 2903 1345 2987; x_wconf 84' lang='lat' dir='ltr'>pupillos</span> <span class='ocrx_word' id='word_1_298' title='bbox 1367 2908 1462 2969; x_wconf 82' lang='lat' dir='ltr'>esset.</span> 
     </span>
     <span class='ocr_line' id='line_1_30' title="bbox 142 2996 1466 3085; baseline 0.001 -22"><span class='ocrx_word' id='word_1_299' title='bbox 142 2998 265 3076; x_wconf 81' lang='lat' dir='ltr'>Quare,</span> <span class='ocrx_word' id='word_1_300' title='bbox 300 3019 381 3085; x_wconf 91' lang='lat' dir='ltr'>quae</span> <span class='ocrx_word' id='word_1_301' title='bbox 408 3001 467 3066; x_wconf 87' lang='lat' dir='ltr'>filii</span> <span class='ocrx_word' id='word_1_302' title='bbox 493 2999 639 3076; x_wconf 77' lang='lat' dir='ltr'>fuerumt,</span> <span class='ocrx_word' id='word_1_303' title='bbox 676 3006 864 3066; x_wconf 89' lang='lat' dir='ltr'>testamento</span> <span class='ocrx_word' id='word_1_304' title='bbox 893 3000 990 3085; x_wconf 89' lang='lat' dir='ltr'>patris</span> <span class='ocrx_word' id='word_1_305' title='bbox 1014 3006 1124 3064; x_wconf 87' lang='lat' dir='ltr'>nostra</span> <span class='ocrx_word' id='word_1_306' title='bbox 1150 2996 1227 3063; x_wconf 86' lang='lat' dir='ltr'>liant</span> <span class='ocrx_word' id='word_1_307' title='bbox 1253 3018 1384 3064; x_wconf 89' lang='lat' dir='ltr'>necesse</span> <span class='ocrx_word' id='word_1_308' title='bbox 1406 3003 1466 3064; x_wconf 82' lang='lat' dir='ltr'>est.</span> 
     </span>
     <span class='ocr_line' id='line_1_31' title="bbox 141 3089 1506 3178; baseline 0.002 -21"><span class='ocrx_word' id='word_1_309' title='bbox 141 3089 313 3159; x_wconf 83' lang='lat' dir='ltr'>Infirmatio</span> <span class='ocrx_word' id='word_1_310' title='bbox 335 3101 384 3160; x_wconf 91' lang='lat' dir='ltr'>est</span> <span class='ocrx_word' id='word_1_311' title='bbox 403 3096 550 3161; x_wconf 86' lang='lat' dir='ltr'>rationis:</span> <span class='ocrx_word' id='word_1_312' title='bbox 583 3097 685 3160; x_wconf 91' lang='lat' dir='ltr'>Immo</span> <span class='ocrx_word' id='word_1_313' title='bbox 713 3102 804 3178; x_wconf 90' lang='lat' dir='ltr'>pater</span> <span class='ocrx_word' id='word_1_314' title='bbox 832 3089 893 3158; x_wconf 85' lang='lat' dir='ltr'>sibi</span> <span class='ocrx_word' id='word_1_315' title='bbox 922 3092 1048 3178; x_wconf 84' lang='lat' dir='ltr'>scripsit</span> <span class='ocrx_word' id='word_1_316' title='bbox 1069 3100 1103 3157; x_wconf 91' lang='lat' dir='ltr'>et</span> <span class='ocrx_word' id='word_1_317' title='bbox 1122 3095 1296 3159; x_wconf 89' lang='lat' dir='ltr'>secundum</span> <span class='ocrx_word' id='word_1_318' title='bbox 1315 3094 1506 3160; x_wconf 84' lang='lat' dir='ltr'>heredemso</span> 
     </span>
     <span class='ocr_line' id='line_1_32' title="bbox 141 3184 1467 3274; baseline 0.002 -24"><span class='ocrx_word' id='word_1_319' title='bbox 141 3184 310 3262; x_wconf 81' lang='lat' dir='ltr'>nouitio,</span> <span class='ocrx_word' id='word_1_320' title='bbox 345 3185 402 3254; x_wconf 88' lang='lat' dir='ltr'>sed</span> <span class='ocrx_word' id='word_1_321' title='bbox 423 3185 484 3255; x_wconf 88' lang='lat' dir='ltr'>sibi</span> <span class='ocrx_word' id='word_1_322' title='bbox 506 3186 596 3254; x_wconf 89' lang='lat' dir='ltr'>iussit</span> <span class='ocrx_word' id='word_1_323' title='bbox 616 3208 698 3254; x_wconf 83' lang='lat' dir='ltr'>esse.</span> <span class='ocrx_word' id='word_1_324' title='bbox 743 3189 869 3264; x_wconf 89' lang='lat' dir='ltr'>Quare,</span> <span class='ocrx_word' id='word_1_325' title='bbox 903 3195 1126 3274; x_wconf 89' lang='lat' dir='ltr'>praeterquam</span> <span class='ocrx_word' id='word_1_326' title='bbox 1153 3190 1240 3274; x_wconf 91' lang='lat' dir='ltr'>quod</span> <span class='ocrx_word' id='word_1_327' title='bbox 1268 3186 1368 3274; x_wconf 88' lang='lat' dir='ltr'>ipsius</span> <span class='ocrx_word' id='word_1_328' title='bbox 1388 3185 1467 3263; x_wconf 85' lang='lat' dir='ltr'>luit,</span> 
     </span>
     <span class='ocr_line' id='line_1_33' title="bbox 141 3279 1469 3368; baseline 0 -23"><span class='ocrx_word' id='word_1_329' title='bbox 141 3287 328 3346; x_wconf 88' lang='lat' dir='ltr'>testamento</span> <span class='ocrx_word' id='word_1_330' title='bbox 349 3281 435 3348; x_wconf 89' lang='lat' dir='ltr'>illius</span> <span class='ocrx_word' id='word_1_331' title='bbox 456 3290 595 3348; x_wconf 85' lang='lat' dir='ltr'>vestrum</span> <span class='ocrx_word' id='word_1_332' title='bbox 618 3302 688 3348; x_wconf 90' lang='lat' dir='ltr'>esse</span> <span class='ocrx_word' id='word_1_333' title='bbox 710 3302 774 3347; x_wconf 93' lang='lat' dir='ltr'>non</span> <span class='ocrx_word' id='word_1_334' title='bbox 795 3288 909 3368; x_wconf 91' lang='lat' dir='ltr'>potest.</span> <span class='ocrx_word' id='word_1_335' title='bbox 952 3279 1121 3348; x_wconf 86' lang='lat' dir='ltr'>indicatio:</span> <span class='ocrx_word' id='word_1_336' title='bbox 1143 3283 1287 3346; x_wconf 87' lang='lat' dir='ltr'>Possitne</span> <span class='ocrx_word' id='word_1_337' title='bbox 1301 3281 1469 3367; x_wconf 87' lang='lat' dir='ltr'>qnisquam</span> 
     </span>
     <span class='ocr_line' id='line_1_34' title="bbox 141 3370 1469 3462; baseline 0.002 -24"><span class='ocrx_word' id='word_1_338' title='bbox 141 3370 183 3438; x_wconf 89' lang='lat' dir='ltr'>de</span> <span class='ocrx_word' id='word_1_339' title='bbox 202 3371 261 3439; x_wconf 88' lang='lat' dir='ltr'>filii</span> <span class='ocrx_word' id='word_1_340' title='bbox 282 3376 396 3460; x_wconf 91' lang='lat' dir='ltr'>pupilli</span> <span class='ocrx_word' id='word_1_341' title='bbox 417 3397 452 3440; x_wconf 92' lang='lat' dir='ltr'>re</span> <span class='ocrx_word' id='word_1_342' title='bbox 473 3375 600 3454; x_wconf 78' lang='lat' dir='ltr'>testari3</span> <span class='ocrx_word' id='word_1_343' title='bbox 636 3395 676 3440; x_wconf 88' lang='lat' dir='ltr'>an</span> <span class='ocrx_word' id='word_1_344' title='bbox 705 3374 841 3442; x_wconf 86' lang='lat' dir='ltr'>heredes</span> <span class='ocrx_word' id='word_1_345' title='bbox 869 3377 999 3443; x_wconf 82' lang='lat' dir='ltr'>seamdi</span> <span class='ocrx_word' id='word_1_346' title='bbox 1026 3377 1128 3460; x_wconf 90' lang='lat' dir='ltr'>ipsius</span> <span class='ocrx_word' id='word_1_347' title='bbox 1148 3372 1382 3462; x_wconf 81' lang='lat' dir='ltr'>patrisfamilias</span> <span class='ocrx_word' id='word_1_348' title='bbox 1402 3392 1469 3440; x_wconf 80' lang='lat' dir='ltr'>non</span> 
     </span>
     <span class='ocr_line' id='line_1_35' title="bbox 140 3465 1468 3557; baseline 0.001 -24"><span class='ocrx_word' id='word_1_349' title='bbox 140 3465 199 3534; x_wconf 87' lang='lat' dir='ltr'>tilii</span> <span class='ocrx_word' id='word_1_350' title='bbox 220 3488 347 3555; x_wconf 88' lang='lat' dir='ltr'>quoque</span> <span class='ocrx_word' id='word_1_351' title='bbox 369 3469 437 3536; x_wconf 90' lang='lat' dir='ltr'>eius</span> <span class='ocrx_word' id='word_1_352' title='bbox 458 3469 568 3557; x_wconf 92' lang='lat' dir='ltr'>pupilli</span> <span class='ocrx_word' id='word_1_353' title='bbox 589 3467 726 3537; x_wconf 89' lang='lat' dir='ltr'>heredes</span> <span class='ocrx_word' id='word_1_354' title='bbox 748 3472 832 3536; x_wconf 79' lang='lat' dir='ltr'>sinti</span> <span class='ocrx_word' id='word_1_355' title='bbox 866 3473 919 3535; x_wconf 84' lang='grc'>03.</span> <span class='ocrx_word' id='word_1_356' title='bbox 946 3475 1050 3556; x_wconf 80' lang='lat' dir='ltr'>Atque</span> <span class='ocrx_word' id='word_1_357' title='bbox 1070 3472 1134 3536; x_wconf 90' lang='lat' dir='ltr'>hoc</span> <span class='ocrx_word' id='word_1_358' title='bbox 1155 3490 1222 3537; x_wconf 91' lang='lat' dir='ltr'>non</span> <span class='ocrx_word' id='word_1_359' title='bbox 1242 3469 1382 3536; x_wconf 86' lang='lat' dir='ltr'>alienum</span> <span class='ocrx_word' id='word_1_360' title='bbox 1403 3474 1468 3543; x_wconf 87' lang='lat' dir='ltr'>est,</span> 
     </span>
     <span class='ocr_line' id='line_1_36' title="bbox 142 3562 1507 3652; baseline 0.001 -21"><span class='ocrx_word' id='word_1_361' title='bbox 142 3565 229 3651; x_wconf 92' lang='lat' dir='ltr'>quod</span> <span class='ocrx_word' id='word_1_362' title='bbox 250 3562 290 3631; x_wconf 86' lang='lat' dir='ltr'>ad</span> <span class='ocrx_word' id='word_1_363' title='bbox 310 3565 409 3631; x_wconf 77' lang='lat' dir='ltr'>manlia</span> <span class='ocrx_word' id='word_1_364' title='bbox 429 3566 601 3649; x_wconf 85' lang='lat' dir='ltr'>pertineat,</span> <span class='ocrx_word' id='word_1_365' title='bbox 623 3585 664 3630; x_wconf 90' lang='lat' dir='ltr'>ne</span> <span class='ocrx_word' id='word_1_366' title='bbox 686 3572 741 3630; x_wconf 90' lang='lat' dir='ltr'>aut</span> <span class='ocrx_word' id='word_1_367' title='bbox 761 3584 915 3652; x_wconf 81' lang='lat' dir='ltr'>nusquam</span> <span class='ocrx_word' id='word_1_368' title='bbox 937 3573 991 3630; x_wconf 88' lang='lat' dir='ltr'>aut</span> <span class='ocrx_word' id='word_1_369' title='bbox 1011 3584 1239 3652; x_wconf 82' lang='lat' dir='ltr'>usquequaque</span> <span class='ocrx_word' id='word_1_370' title='bbox 1254 3566 1393 3639; x_wconf 86' lang='lat' dir='ltr'>dicatur,</span> <span class='ocrx_word' id='word_1_371' title='bbox 1414 3564 1507 3632; x_wconf 74' lang='lat' dir='ltr'>bicos</span> 
     </span>
     <span class='ocr_line' id='line_1_37' title="bbox 141 3657 1470 3748; baseline -0.002 -23"><span class='ocrx_word' id='word_1_372' title='bbox 141 3663 325 3726; x_wconf 85' lang='lat' dir='ltr'>admonere.</span> <span class='ocrx_word' id='word_1_373' title='bbox 370 3661 450 3726; x_wconf 91' lang='lat' dir='ltr'>Sunt</span> <span class='ocrx_word' id='word_1_374' title='bbox 477 3679 605 3736; x_wconf 85' lang='lat' dir='ltr'>causae,</span> <span class='ocrx_word' id='word_1_375' title='bbox 642 3680 724 3748; x_wconf 79' lang='lat' dir='ltr'>qaue</span> <span class='ocrx_word' id='word_1_376' title='bbox 750 3659 857 3747; x_wconf 87' lang='lat' dir='ltr'>plures</span> <span class='ocrx_word' id='word_1_377' title='bbox 882 3657 1000 3726; x_wconf 86' lang='lat' dir='ltr'>babent</span> <span class='ocrx_word' id='word_1_378' title='bbox 1019 3661 1160 3726; x_wconf 87' lang='lat' dir='ltr'>rationes</span> <span class='ocrx_word' id='word_1_379' title='bbox 1180 3658 1215 3724; x_wconf 96' lang='lat' dir='ltr'>in</span> <span class='ocrx_word' id='word_1_380' title='bbox 1236 3659 1372 3743; x_wconf 86' lang='lat' dir='ltr'>simplici</span> <span class='ocrx_word' id='word_1_381' title='bbox 1394 3676 1470 3723; x_wconf 89' lang='lat' dir='ltr'>con-</span> 
     </span>
     <span class='ocr_line' id='line_1_38' title="bbox 141 3750 1471 3841; baseline -0.002 -21"><span class='ocrx_word' id='word_1_382' title='bbox 141 3756 320 3833; x_wconf 85' lang='lat' dir='ltr'>stitutione;</span> <span class='ocrx_word' id='word_1_383' title='bbox 345 3756 431 3841; x_wconf 88' lang='lat' dir='ltr'>quod</span> <span class='ocrx_word' id='word_1_384' title='bbox 451 3751 502 3829; x_wconf 90' lang='lat' dir='ltr'>fit,</span> <span class='ocrx_word' id='word_1_385' title='bbox 524 3775 597 3823; x_wconf 92' lang='lat' dir='ltr'>cum</span> <span class='ocrx_word' id='word_1_386' title='bbox 610 3755 662 3829; x_wconf 90' lang='lat' dir='ltr'>id,</span> <span class='ocrx_word' id='word_1_387' title='bbox 687 3758 773 3840; x_wconf 87' lang='lat' dir='ltr'>qnod</span> <span class='ocrx_word' id='word_1_388' title='bbox 793 3755 911 3820; x_wconf 85' lang='lat' dir='ltr'>lactum</span> <span class='ocrx_word' id='word_1_389' title='bbox 932 3760 981 3819; x_wconf 90' lang='lat' dir='ltr'>est</span> <span class='ocrx_word' id='word_1_390' title='bbox 1000 3761 1054 3819; x_wconf 89' lang='lat' dir='ltr'>aut</span> <span class='ocrx_word' id='word_1_391' title='bbox 1074 3757 1159 3840; x_wconf 90' lang='lat' dir='ltr'>quod</span> <span class='ocrx_word' id='word_1_392' title='bbox 1180 3750 1375 3830; x_wconf 79' lang='lat' dir='ltr'>defenditur,</span> <span class='ocrx_word' id='word_1_393' title='bbox 1399 3753 1471 3839; x_wconf 83' lang='lat' dir='ltr'>plu·</span> 
     </span>
     <span class='ocr_line' id='line_1_39' title="bbox 142 3846 1469 3934; baseline 0 -20"><span class='ocrx_word' id='word_1_394' title='bbox 142 3851 231 3917; x_wconf 77' lang='lat' dir='ltr'>ribus</span> <span class='ocrx_word' id='word_1_395' title='bbox 253 3847 293 3914; x_wconf 92' lang='lat' dir='ltr'>de</span> <span class='ocrx_word' id='word_1_396' title='bbox 314 3849 416 3916; x_wconf 77' lang='lat' dir='ltr'>carnis</span> <span class='ocrx_word' id='word_1_397' title='bbox 437 3855 558 3917; x_wconf 89' lang='lat' dir='ltr'>rectum</span> <span class='ocrx_word' id='word_1_398' title='bbox 578 3855 633 3915; x_wconf 89' lang='lat' dir='ltr'>aut</span> <span class='ocrx_word' id='word_1_399' title='bbox 653 3846 820 3932; x_wconf 86' lang='lat' dir='ltr'>probabile</span> <span class='ocrx_word' id='word_1_400' title='bbox 840 3846 941 3915; x_wconf 82' lang='lat' dir='ltr'>videri</span> <span class='ocrx_word' id='word_1_401' title='bbox 961 3853 1081 3934; x_wconf 89' lang='lat' dir='ltr'>potest,</span> <span class='ocrx_word' id='word_1_402' title='bbox 1103 3854 1139 3914; x_wconf 92' lang='lat' dir='ltr'>ut</span> <span class='ocrx_word' id='word_1_403' title='bbox 1160 3848 1194 3915; x_wconf 92' lang='lat' dir='ltr'>in</span> <span class='ocrx_word' id='word_1_404' title='bbox 1208 3849 1270 3913; x_wconf 84' lang='lat' dir='ltr'>hac</span> <span class='ocrx_word' id='word_1_405' title='bbox 1283 3848 1351 3933; x_wconf 85' lang='lat' dir='ltr'>ipss</span> <span class='ocrx_word' id='word_1_406' title='bbox 1365 3866 1469 3914; x_wconf 74' lang='lat' dir='ltr'>caum.</span> 
     </span>
     <span class='ocr_line' id='line_1_40' title="bbox 143 3939 1469 4029; baseline -0.002 -22"><span class='ocrx_word' id='word_1_407' title='bbox 143 3944 345 4029; x_wconf 90' lang='lat' dir='ltr'>Supponatur</span> <span class='ocrx_word' id='word_1_408' title='bbox 366 3944 451 4009; x_wconf 91' lang='lat' dir='ltr'>enim</span> <span class='ocrx_word' id='word_1_409' title='bbox 472 3945 512 4008; x_wconf 89' lang='lat' dir='ltr'>ab</span> <span class='ocrx_word' id='word_1_410' title='bbox 534 3944 704 4008; x_wconf 88' lang='lat' dir='ltr'>heredibus</span> <span class='ocrx_word' id='word_1_411' title='bbox 725 3942 803 4008; x_wconf 89' lang='lat' dir='ltr'>baec</span> <span class='ocrx_word' id='word_1_412' title='bbox 824 3944 924 4009; x_wconf 91' lang='lat' dir='ltr'>ratio:</span> <span class='ocrx_word' id='word_1_413' title='bbox 960 3943 1058 4009; x_wconf 91' lang='lat' dir='ltr'>Unius</span> <span class='ocrx_word' id='word_1_414' title='bbox 1080 3941 1165 4009; x_wconf 90' lang='lat' dir='ltr'>enim</span> <span class='ocrx_word' id='word_1_415' title='bbox 1186 3943 1341 4026; x_wconf 88' lang='lat' dir='ltr'>pecuniae</span> <span class='ocrx_word' id='word_1_416' title='bbox 1361 3939 1469 4027; x_wconf 88' lang='lat' dir='ltr'>plures</span> 
     </span>
     <span class='ocr_line' id='line_1_41' title="bbox 143 4035 1509 4123; baseline 0.001 -22"><span class='ocrx_word' id='word_1_417' title='bbox 143 4035 346 4102; x_wconf 83' lang='lat' dir='ltr'>dissimilibus</span> <span class='ocrx_word' id='word_1_418' title='bbox 368 4037 408 4101; x_wconf 94' lang='lat' dir='ltr'>de</span> <span class='ocrx_word' id='word_1_419' title='bbox 430 4035 532 4102; x_wconf 88' lang='lat' dir='ltr'>causis</span> <span class='ocrx_word' id='word_1_420' title='bbox 552 4035 686 4101; x_wconf 90' lang='lat' dir='ltr'>heredes</span> <span class='ocrx_word' id='word_1_421' title='bbox 709 4055 779 4102; x_wconf 85' lang='lat' dir='ltr'>esse</span> <span class='ocrx_word' id='word_1_422' title='bbox 799 4056 864 4102; x_wconf 90' lang='lat' dir='ltr'>noo</span> <span class='ocrx_word' id='word_1_423' title='bbox 877 4047 1025 4123; x_wconf 87' lang='lat' dir='ltr'>possunt,</span> <span class='ocrx_word' id='word_1_424' title='bbox 1049 4058 1109 4102; x_wconf 95' lang='lat' dir='ltr'>nec</span> <span class='ocrx_word' id='word_1_425' title='bbox 1122 4056 1263 4123; x_wconf 91' lang='lat' dir='ltr'>unquam</span> <span class='ocrx_word' id='word_1_426' title='bbox 1276 4037 1392 4102; x_wconf 84' lang='lat' dir='ltr'>iactum</span> <span class='ocrx_word' id='word_1_427' title='bbox 1407 4039 1509 4109; x_wconf 87' lang='lat' dir='ltr'>est,so</span> 
     </span>
     <span class='ocr_line' id='line_1_42' title="bbox 141 4126 1467 4217; baseline -0.002 -21"><span class='ocrx_word' id='word_1_428' title='bbox 141 4139 179 4196; x_wconf 87' lang='lat' dir='ltr'>ut</span> <span class='ocrx_word' id='word_1_429' title='bbox 199 4130 341 4197; x_wconf 90' lang='lat' dir='ltr'>eiusdem</span> <span class='ocrx_word' id='word_1_430' title='bbox 361 4131 513 4215; x_wconf 87' lang='lat' dir='ltr'>pecuniae</span> <span class='ocrx_word' id='word_1_431' title='bbox 534 4129 614 4196; x_wconf 88' lang='lat' dir='ltr'>alins</span> <span class='ocrx_word' id='word_1_432' title='bbox 636 4136 842 4208; x_wconf 89' lang='lat' dir='ltr'>testamento,</span> <span class='ocrx_word' id='word_1_433' title='bbox 866 4130 947 4198; x_wconf 92' lang='lat' dir='ltr'>alins</span> <span class='ocrx_word' id='word_1_434' title='bbox 969 4133 1039 4217; x_wconf 87' lang='lat' dir='ltr'>lege</span> <span class='ocrx_word' id='word_1_435' title='bbox 1060 4133 1154 4196; x_wconf 84' lang='lat' dir='ltr'>beros</span> <span class='ocrx_word' id='word_1_436' title='bbox 1176 4137 1277 4210; x_wconf 87' lang='lat' dir='ltr'>esset;</span> <span class='ocrx_word' id='word_1_437' title='bbox 1300 4126 1467 4194; x_wconf 83' lang='lat' dir='ltr'>infirmatio</span> 
     </span>
    </p>
   </div>
   <div class='ocr_carea' id='block_1_3' title="bbox 141 4296 1471 4936">
    <p class='ocr_par' dir='ltr' id='par_1_3' title="bbox 141 4296 1471 4936">
     <span class='ocr_line' id='line_1_43' title="bbox 211 4296 1471 4366; baseline -0.003 -13"><span class='ocrx_word' id='word_1_438' title='bbox 211 4301 238 4353; x_wconf 79' lang='grc'>0.</span> <span class='ocrx_word' id='word_1_439' title='bbox 256 4301 364 4353; x_wconf 71' lang='lat' dir='ltr'>musto</span> <span class='ocrx_word' id='word_1_440' title='bbox 380 4301 445 4366; x_wconf 76' lang='lat' dir='ltr'>quid</span> <span class='ocrx_word' id='word_1_441' title='bbox 460 4298 539 4352; x_wconf 77' lang='grc'><strong>01100</strong></span> <span class='ocrx_word' id='word_1_442' title='bbox 554 4299 617 4359; x_wconf 73' lang='grc'><strong>11,</strong></span> <span class='ocrx_word' id='word_1_443' title='bbox 644 4300 750 4352; x_wconf 82' lang='lat' dir='ltr'>mutttto</span> <span class='ocrx_word' id='word_1_444' title='bbox 765 4301 869 4366; x_wconf 80' lang='lat' dir='ltr'>qutatsm</span> <span class='ocrx_word' id='word_1_445' title='bbox 885 4300 961 4353; x_wconf 78' lang='grc'><strong>01100</strong></span> <span class='ocrx_word' id='word_1_446' title='bbox 977 4301 1011 4352; x_wconf 82' lang='grc'>11.</span> <span class='ocrx_word' id='word_1_447' title='bbox 1030 4297 1076 4364; x_wconf 81' lang='lat' dir='ltr'>(us</span> <span class='ocrx_word' id='word_1_448' title='bbox 1093 4313 1160 4361; x_wconf 90' lang='lat' dir='ltr'>nos,</span> <span class='ocrx_word' id='word_1_449' title='bbox 1179 4296 1247 4363; x_wconf 83' lang='grc' dir='ltr'><strong>ΛΤ.)</strong></span> <span class='ocrx_word' id='word_1_450' title='bbox 1266 4322 1298 4337; x_wconf 96' lang='grc'><strong>-</strong></span> <span class='ocrx_word' id='word_1_451' title='bbox 1315 4311 1375 4350; x_wconf 75' lang='lat' dir='ltr'>cass</span> <span class='ocrx_word' id='word_1_452' title='bbox 1390 4296 1471 4349; x_wconf 79' lang='grc'><strong>011001</strong></span> 
     </span>
     <span class='ocr_line' id='line_1_44' title="bbox 141 4366 1468 4436; baseline -0.003 -12"><span class='ocrx_word' id='word_1_453' title='bbox 141 4372 324 4424; x_wconf 74' lang='lat' dir='ltr'>stssutstsrv.</span> <span class='ocrx_word' id='word_1_454' title='bbox 340 4397 368 4413; x_wconf 89' lang='lat'>-··</span> <span class='ocrx_word' id='word_1_455' title='bbox 390 4373 433 4421; x_wconf 92' lang='grc'>11.</span> <span class='ocrx_word' id='word_1_456' title='bbox 453 4384 564 4436; x_wconf 79' lang='lat' dir='ltr'>quocum</span> <span class='ocrx_word' id='word_1_457' title='bbox 576 4369 653 4421; x_wconf 80' lang='grc' dir='ltr'><strong>ΡΔΤ.</strong></span> <span class='ocrx_word' id='word_1_458' title='bbox 675 4371 720 4427; x_wconf 78' lang='grc'><strong>1111</strong></span> <span class='ocrx_word' id='word_1_459' title='bbox 731 4384 795 4429; x_wconf 84' lang='lat' dir='ltr'>nos,</span> <span class='ocrx_word' id='word_1_460' title='bbox 808 4372 866 4424; x_wconf 77' lang='lat' dir='ltr'>Vn.</span> <span class='ocrx_word' id='word_1_461' title='bbox 880 4372 934 4423; x_wconf 79' lang='grc'><strong>010.</strong></span> <span class='ocrx_word' id='word_1_462' title='bbox 954 4383 1013 4436; x_wconf 80' lang='lat' dir='ltr'>pag.</span> <span class='ocrx_word' id='word_1_463' title='bbox 1034 4373 1159 4434; x_wconf 84' lang='lat' dir='ltr'>praeced.</span> <span class='ocrx_word' id='word_1_464' title='bbox 1171 4384 1198 4424; x_wconf 78' lang='lat' dir='ltr'>s.</span> <span class='ocrx_word' id='word_1_465' title='bbox 1212 4366 1353 4422; x_wconf 78' lang='grc'><strong>000100.)</strong></span> <span class='ocrx_word' id='word_1_466' title='bbox 1371 4390 1403 4407; x_wconf 92' lang='grc'>-·</span> <span class='ocrx_word' id='word_1_467' title='bbox 1421 4369 1468 4422; x_wconf 77' lang='grc'>00.</span> 
     </span>
     <span class='ocr_line' id='line_1_45' title="bbox 141 4439 1469 4506; baseline -0.003 -14"><span class='ocrx_word' id='word_1_468' title='bbox 141 4443 299 4506; x_wconf 73' lang='lat' dir='ltr'>tmpts&#39;ettoss</span> <span class='ocrx_word' id='word_1_469' title='bbox 311 4441 420 4494; x_wconf 78' lang='lat' dir='ltr'>eorr.l³.</span> <span class='ocrx_word' id='word_1_470' title='bbox 437 4465 470 4480; x_wconf 91' lang='lat'>·-</span> <span class='ocrx_word' id='word_1_471' title='bbox 493 4441 537 4492; x_wconf 76' lang='grc'>00.</span> <span class='ocrx_word' id='word_1_472' title='bbox 551 4442 761 4494; x_wconf 65' lang='lat' dir='ltr'>omousiani</span> <span class='ocrx_word' id='word_1_473' title='bbox 774 4447 800 4494; x_wconf 83' lang='lat' dir='ltr'>et</span> <span class='ocrx_word' id='word_1_474' title='bbox 819 4441 1012 4506; x_wconf 73' lang='grc'><strong>0100000001,</strong></span> <span class='ocrx_word' id='word_1_475' title='bbox 1033 4446 1105 4494; x_wconf 81' lang='lat' dir='ltr'>osntt</span> <span class='ocrx_word' id='word_1_476' title='bbox 1123 4442 1154 4493; x_wconf 79' lang='lat' dir='ltr'>P.</span> <span class='ocrx_word' id='word_1_477' title='bbox 1192 4439 1311 4492; x_wconf 81' lang='lat' dir='ltr'>Correxit</span> <span class='ocrx_word' id='word_1_478' title='bbox 1330 4439 1391 4490; x_wconf 79' lang='grc' dir='ltr'><strong>11η.</strong></span> <span class='ocrx_word' id='word_1_479' title='bbox 1409 4439 1469 4493; x_wconf 75' lang='lat' dir='ltr'>Cle.</span> 
     </span>
     <span class='ocr_line' id='line_1_46' title="bbox 143 4507 1470 4577; baseline -0.001 -12"><span class='ocrx_word' id='word_1_480' title='bbox 143 4515 177 4565; x_wconf 84' lang='grc'>00</span> <span class='ocrx_word' id='word_1_481' title='bbox 196 4509 690 4576; x_wconf 63' lang='grc'><strong>00.1,8.100.11001.3.105.-</strong></span> <span class='ocrx_word' id='word_1_482' title='bbox 712 4512 756 4564; x_wconf 81' lang='grc'>30.</span> <span class='ocrx_word' id='word_1_483' title='bbox 774 4511 1014 4577; x_wconf 77' lang='lat' dir='ltr'>stttscrtpsttcet]</span> <span class='ocrx_word' id='word_1_484' title='bbox 1050 4507 1470 4577; x_wconf 63' lang='lat' dir='ltr'>praesensissemus.</span> 
     </span>
     <span class='ocr_line' id='line_1_47' title="bbox 143 4580 1470 4649; baseline -0.001 -13"><span class='ocrx_word' id='word_1_485' title='bbox 143 4584 206 4636; x_wconf 92' lang='grc'><strong>100.</strong></span> <span class='ocrx_word' id='word_1_486' title='bbox 224 4584 359 4648; x_wconf 57' lang='lat' dir='ltr'>montosa</span> <span class='ocrx_word' id='word_1_487' title='bbox 376 4595 437 4649; x_wconf 76' lang='lat' dir='ltr'>ergo</span> <span class='ocrx_word' id='word_1_488' title='bbox 456 4584 482 4633; x_wconf 80' lang='lat' dir='ltr'>ts</span> <span class='ocrx_word' id='word_1_489' title='bbox 501 4582 523 4634; x_wconf 84' lang='grc' dir='ltr'><strong>Τ</strong></span> <span class='ocrx_word' id='word_1_490' title='bbox 542 4583 638 4635; x_wconf 82' lang='lat' dir='ltr'>desunt</span> <span class='ocrx_word' id='word_1_491' title='bbox 655 4585 758 4640; x_wconf 78' lang='lat' dir='ltr'>omstss</span> <span class='ocrx_word' id='word_1_492' title='bbox 779 4586 936 4635; x_wconf 83' lang='lat' dir='ltr'>tntesterust</span> <span class='ocrx_word' id='word_1_493' title='bbox 950 4587 1020 4636; x_wconf 83' lang='lat' dir='ltr'>enlm</span> <span class='ocrx_word' id='word_1_494' title='bbox 1042 4589 1103 4635; x_wconf 81' lang='lat' dir='ltr'>osto</span> <span class='ocrx_word' id='word_1_495' title='bbox 1123 4581 1195 4633; x_wconf 84' lang='lat' dir='ltr'>totta.</span> <span class='ocrx_word' id='word_1_496' title='bbox 1231 4580 1318 4643; x_wconf 84' lang='lat' dir='ltr'>Qusur</span> <span class='ocrx_word' id='word_1_497' title='bbox 1339 4583 1470 4635; x_wconf 81' lang='lat' dir='ltr'>tastnmr</span> 
     </span>
     <span class='ocr_line' id='line_1_48' title="bbox 144 4651 1468 4720; baseline -0.001 -13"><span class='ocrx_word' id='word_1_498' title='bbox 144 4657 248 4720; x_wconf 84' lang='lat' dir='ltr'>grsrtus</span> <span class='ocrx_word' id='word_1_499' title='bbox 260 4654 405 4714; x_wconf 86' lang='lat' dir='ltr'>terremus,</span> <span class='ocrx_word' id='word_1_500' title='bbox 419 4655 469 4704; x_wconf 87' lang='lat' dir='ltr'>ntst</span> <span class='ocrx_word' id='word_1_501' title='bbox 483 4653 607 4707; x_wconf 74' lang='lat' dir='ltr'>codicem</span> <span class='ocrx_word' id='word_1_502' title='bbox 617 4654 871 4717; x_wconf 78' lang='lat' dir='ltr'>Angetomontenum</span> <span class='ocrx_word' id='word_1_503' title='bbox 890 4666 949 4706; x_wconf 82' lang='lat' dir='ltr'>sun</span> <span class='ocrx_word' id='word_1_504' title='bbox 967 4654 1105 4705; x_wconf 80' lang='lat' dir='ltr'>Tartesos!</span> <span class='ocrx_word' id='word_1_505' title='bbox 1120 4666 1151 4704; x_wconf 85' lang='lat' dir='ltr'>er</span> <span class='ocrx_word' id='word_1_506' title='bbox 1166 4664 1220 4702; x_wconf 92' lang='lat' dir='ltr'>uno</span> <span class='ocrx_word' id='word_1_507' title='bbox 1233 4651 1381 4715; x_wconf 80' lang='lat' dir='ltr'>eodemque</span> <span class='ocrx_word' id='word_1_508' title='bbox 1393 4653 1468 4706; x_wconf 81' lang='lat' dir='ltr'>tonte</span> 
     </span>
     <span class='ocr_line' id='line_1_49' title="bbox 144 4722 1469 4787; baseline -0.001 -11"><span class='ocrx_word' id='word_1_509' title='bbox 144 4727 267 4786; x_wconf 65' lang='lat' dir='ltr'>fluxuse,</span> <span class='ocrx_word' id='word_1_510' title='bbox 292 4728 371 4776; x_wconf 86' lang='lat' dir='ltr'>lmmo</span> <span class='ocrx_word' id='word_1_511' title='bbox 394 4723 651 4787; x_wconf 71' lang='lat' dir='ltr'>bngstomontsnum</span> <span class='ocrx_word' id='word_1_512' title='bbox 669 4738 700 4778; x_wconf 83' lang='lat' dir='ltr'>es</span> <span class='ocrx_word' id='word_1_513' title='bbox 718 4725 857 4776; x_wconf 86' lang='lat' dir='ltr'>Turtceost</span> <span class='ocrx_word' id='word_1_514' title='bbox 874 4727 1073 4787; x_wconf 77' lang='lat' dir='ltr'>tssusscrtptun</span> <span class='ocrx_word' id='word_1_515' title='bbox 1092 4735 1150 4776; x_wconf 82' lang='lat' dir='ltr'>esse</span> <span class='ocrx_word' id='word_1_516' title='bbox 1175 4729 1288 4785; x_wconf 82' lang='lat' dir='ltr'>utroque</span> <span class='ocrx_word' id='word_1_517' title='bbox 1316 4722 1469 4787; x_wconf 63' lang='lat' dir='ltr'>ostias-sss·</span> 
     </span>
     <span class='ocr_line' id='line_1_50' title="bbox 144 4791 1467 4864; baseline -0.001 -15"><span class='ocrx_word' id='word_1_518' title='bbox 144 4801 293 4849; x_wconf 83' lang='lat' dir='ltr'>essmtmts</span> <span class='ocrx_word' id='word_1_519' title='bbox 311 4799 544 4858; x_wconf 67' lang='lat' dir='ltr'>perspexissemus.</span> <span class='ocrx_word' id='word_1_520' title='bbox 563 4795 646 4845; x_wconf 74' lang='lat' dir='ltr'>Bsrr.</span> <span class='ocrx_word' id='word_1_521' title='bbox 668 4819 698 4833; x_wconf 89' lang='lat'><em>-</em></span> <span class='ocrx_word' id='word_1_522' title='bbox 718 4793 762 4845; x_wconf 79' lang='grc'>00.</span> <span class='ocrx_word' id='word_1_523' title='bbox 781 4796 913 4859; x_wconf 69' lang='lat' dir='ltr'>quispim</span> <span class='ocrx_word' id='word_1_524' title='bbox 923 4795 1072 4847; x_wconf 75' lang='grc'><strong>8011010100.</strong></span> <span class='ocrx_word' id='word_1_525' title='bbox 1090 4791 1135 4862; x_wconf 84' lang='grc'><strong>(111</strong></span> <span class='ocrx_word' id='word_1_526' title='bbox 1151 4805 1219 4859; x_wconf 81' lang='lat' dir='ltr'>ros,</span> <span class='ocrx_word' id='word_1_527' title='bbox 1238 4791 1399 4864; x_wconf 74' lang='grc'><strong>10111)-</strong></span> <span class='ocrx_word' id='word_1_528' title='bbox 1420 4793 1467 4848; x_wconf 74' lang='grc'>01.</span> 
     </span>
     <span class='ocr_line' id='line_1_51' title="bbox 144 4863 1068 4936; baseline -0.004 -16"><span class='ocrx_word' id='word_1_529' title='bbox 144 4868 289 4936; x_wconf 69' lang='grc'><strong>1011000110</strong></span> <span class='ocrx_word' id='word_1_530' title='bbox 306 4873 393 4922; x_wconf 70' lang='lat' dir='ltr'>cutm</span> <span class='ocrx_word' id='word_1_531' title='bbox 409 4866 473 4919; x_wconf 84' lang='grc'><strong>1000</strong></span> <span class='ocrx_word' id='word_1_532' title='bbox 489 4865 568 4918; x_wconf 69' lang='lat' dir='ltr'>Pau.</span> <span class='ocrx_word' id='word_1_533' title='bbox 587 4863 632 4933; x_wconf 77' lang='lat' dir='ltr'>(us</span> <span class='ocrx_word' id='word_1_534' title='bbox 643 4877 702 4932; x_wconf 91' lang='lat' dir='ltr'>nos,</span> <span class='ocrx_word' id='word_1_535' title='bbox 719 4865 811 4919; x_wconf 78' lang='grc'><strong>00101.</strong></span> <span class='ocrx_word' id='word_1_536' title='bbox 829 4865 902 4920; x_wconf 74' lang='lat' dir='ltr'>out.</span> <span class='ocrx_word' id='word_1_537' title='bbox 920 4865 999 4922; x_wconf 77' lang='lat' dir='ltr'>Voss.</span> <span class='ocrx_word' id='word_1_538' title='bbox 1016 4863 1068 4935; x_wconf 75' lang='lat'>11.)</span> 
     </span>
    </p>
   </div>
   <div class='ocr_carea' id='block_1_4' title="bbox 0 0 1628 5392">
    <p class='ocr_par' dir='ltr' id='par_1_4' title="bbox 0 0 1628 5392">
     <span class='ocr_line' id='line_1_52' title="bbox 0 0 1628 5392; baseline 0 0"><span class='ocrx_word' id='word_1_539' title='bbox 0 0 1628 5392; x_wconf 95' lang='lat' dir='ltr'> </span> 
     </span>
    </p>
   </div>
  </div>
 </body>
</html>
