3232 5392
577 249 653 314 ΠΒ.
678 249 703 313 1.
748 249 780 314 C.
803 249 853 314 51.
876 249 927 313 52.
951 250 1002 314 53.
1385 253 1446 317 sta

128 414 276 499 cognosci
299 417 331 477 et
351 411 471 497 percipi
493 411 601 497 possit.
647 413 785 490 Quarum
808 429 914 472 rerum
936 407 1037 473 fateor
1058 429 1203 493 magnam
1228 409 1448 494 multiplicem-

128 530 190 597 que
213 529 282 573 esse
304 504 499 592 disciplinam
522 513 553 569 et
577 504 689 570 multas
719 505 862 588 copiosas
891 506 1054 590 variasque
1084 507 1238 583 rationes;
1276 503 1332 571 sed
1363 505 1447 571 aliud

128 599 297 691 quiddam,
330 599 424 684 longe
446 598 546 673 aliud,
581 599 707 672 Crasse,
744 599 935 683 quaerimus.
980 603 1053 663 223.
1085 605 1185 664 Αοιιῐο
1206 601 1333 665 homine
1354 603 1447 666 nobis

129 717 209 781 opus
237 703 285 760 est
314 701 346 759 et
375 702 486 758 natura
506 713 627 777 usuque
649 691 776 767 callido,
810 694 864 777 qui
886 696 1037 777 sagaciter
1059 696 1268 780 pervestiget,
1302 697 1376 781 quid
1399 693 1447 759 sui

129 793 213 858 cirea
234 792 321 877 iique
342 789 499 862 homines,
532 784 644 870 quibus
665 784 782 872 aliquid
805 788 938 852 dicendo
962 791 1151 873 persuadere
1174 788 1263 863 velit,
1293 791 1469 874 cogitent,s

128 885 277 961 sentiant,
302 885 487 969 opinentur,
512 889 709 967 exspectent;
738 882 805 944 LII.
830 890 934 947 teneat
956 891 1081 969 oportet
1102 904 1197 949 venas
1219 882 1371 968 cuiusque
1394 903 1448 968 ge·

128 978 228 1055 neria,
251 978 378 1052 aetatis,
409 973 527 1041 ordinis
550 983 734 1051 eteorum,
766 973 850 1057 apud
872 997 952 1062 quos
973 978 1090 1064 aliquid
1112 985 1184 1060 aget
1206 988 1260 1042 aut
1282 977 1342 1042 erit
1363 986 1448 1043 actu-

127 1095 197 1150 rus,
213 1080 332 1139 mentes
343 1091 516 1157 sensusque
529 1072 688 1155 degustet;
712 1071 786 1132 224.
803 1068 1064 1157 philosophorum
1079 1081 1181 1136 autem
1197 1071 1294 1137 libros
1309 1082 1449 1138 reservet

128 1170 188 1237 sibi
209 1170 250 1233 ad
271 1164 486 1233 huiuscemodi
508 1165 675 1229 Tusculani
697 1161 839 1250 requiem
861 1172 955 1251 atque
979 1167 1093 1240 otium,
1128 1187 1186 1241 ne,
1221 1168 1247 1230 si
1270 1168 1395 1253 quando
1418 1167 1447 1231 ei

128 1261 294 1332 dicendum
317 1259 378 1326 erit
399 1262 437 1324 de
459 1260 575 1323 iustitia
597 1266 630 1322 et
651 1255 726 1334 lide,
760 1268 920 1325 mutuetur
941 1281 959 1326 a
981 1261 1125 1338 Platone3
1164 1261 1236 1347 qui,
1269 1282 1339 1326 cum
1369 1263 1484 1326 haenw

129 1359 334 1445 exprimenda
354 1356 461 1419 verbis
483 1351 702 1429 arbitraretur,
738 1376 851 1420 novam
880 1361 1035 1443 quandam
1063 1357 1155 1421 finxit
1175 1358 1208 1421 in
1230 1355 1319 1421 libris
1341 1358 1448 1421 civita-

127 1463 208 1530 tem3
233 1473 333 1535 usque
356 1469 395 1514 eo
417 1448 485 1524 illa,
509 1468 589 1533 quae
612 1450 743 1513 dicenda
765 1449 804 1514 de
826 1451 943 1516 iustitia
964 1454 1111 1535 putabat,
1136 1474 1155 1516 a
1176 1451 1258 1516 vitae
1280 1462 1448 1517 consuctu-

128 1549 202 1613 dine
224 1553 256 1610 et
278 1565 296 1609 a
317 1546 475 1609 civitatum
499 1545 639 1608 moribus
660 1542 885 1609 abhorrebant.
930 1549 1003 1610 225.
1037 1547 1158 1624 Quodsi
1179 1567 1215 1611 ea
1237 1544 1447 1629 probarentur

127 1644 160 1707 in
181 1639 306 1725 populis
321 1648 414 1726 atque
429 1640 461 1702 in
476 1637 669 1714 civitatibus,
694 1640 764 1725 quis
779 1641 853 1715 tibi,
878 1643 1002 1715 Crasse,
1026 1641 1248 1714 concessisset,
1272 1640 1445 1706 clarissimo

126 1737 197 1802 viro
219 1743 251 1800 et
271 1732 463 1820 amplissimo
487 1740 518 1797 et
539 1732 670 1819 principi
692 1733 839 1807 civitatis,
873 1744 908 1798 ut
935 1734 988 1799 illa
1017 1737 1139 1799 diceres
1161 1738 1194 1799 in
1215 1734 1350 1799 maxima
1372 1747 1484 1801 con-¹⁵

127 1831 214 1897 tione
247 1839 371 1894 tuorum
403 1827 537 1904 civium,
573 1849 653 1914 quae
688 1825 815 1892 dixisti?
858 1829 1040 1911 lEripite
1072 1849 1141 1894 nos
1174 1851 1222 1893 ex
1255 1830 1446 1903 miseriis,

127 1927 279 2009 eripite
301 1943 347 1988 ex
368 1921 553 1988 lancibus
576 1941 728 1995 eorum,
763 1942 926 2008 quorum
949 1922 1175 1989 crudelitas
1196 1931 1339 1988 nostro
1361 1946 1448 1988 san·

126 2019 246 2106 quine
274 2038 350 2084 non
378 2023 508 2100 potest
536 2018 705 2099 expleri3
741 2018 866 2081 nolite
892 2018 1026 2082 sinere
1056 2039 1127 2083 nos
1155 2019 1335 2104 cuiquam
1364 2038 1448 2081 ser·

125 2113 216 2180 rire
237 2111 314 2178 nisi
335 2109 452 2175 vobis
474 2110 696 2187 universis,
720 2111 865 2197 quibus
887 2118 925 2175 et
946 2133 1154 2194 possumus
1176 2114 1445 2192 etdebemus.„

127 2209 247 2276 Omitto
270 2207 473 2280 miserias,
504 2203 537 2269 in
560 2206 690 2288 quibus,
723 2215 757 2271 ut
777 2205 822 2271 illi
846 2208 946 2282 aiunt,
970 2205 1018 2271 vir
1038 2205 1127 2271 fortis
1150 2227 1218 2271 esse
1240 2226 1304 2270 nnn
1326 2215 1484 2293 potest;ao

126 2302 240 2368 omitto
270 2299 423 2375 fauces,
459 2318 498 2362 ex
520 2298 635 2383 quibus
657 2307 688 2364 te
711 2299 790 2386 eripi
812 2303 874 2374 vis,
905 2323 944 2366 ne
967 2301 1084 2366 iudicio
1108 2300 1218 2387 iniquo
1239 2299 1447 2367 exsorbeatur

126 2394 253 2481 sangnis
275 2400 363 2470 tuus,
398 2391 483 2477 quod
505 2393 637 2478 sapienti
659 2403 773 2480 negant
793 2395 934 2460 accidere
956 2415 1066 2479 posse:
1100 2396 1261 2460 servire
1284 2414 1359 2459 vero
1381 2416 1445 2460 non

126 2494 223 2558 modo
246 2497 276 2554 te
298 2492 353 2554 sed
375 2491 555 2552 universum
577 2496 734 2563 senatum,
768 2491 855 2554 cuius
884 2498 949 2554 tum
976 2509 1101 2555 causam
1129 2491 1262 2572 agebas,
1295 2510 1389 2554 ausus
1411 2511 1445 2554 es

127 2589 256 2653 diceret
292 2587 363 2650 226.
386 2586 532 2649 Potestne
554 2584 668 2657 virtus,
700 2586 826 2657 Crasse,
855 2583 974 2647 servire
996 2584 1063 2646 istis
1085 2580 1284 2659 auctoribus,
1309 2604 1445 2670 quorum

126 2688 161 2745 tn
188 2686 356 2766 praecepta
389 2674 524 2742 oratoris
553 2674 699 2741 facultate
730 2675 966 2764 complecteris?
1002 2697 1081 2764 quae
1109 2685 1141 2740 et
1166 2696 1292 2760 semper
1321 2686 1353 2743 et
1378 2679 1481 2743 solans

125 2774 225 2840 libera
246 2782 294 2839 est
315 2793 477 2858 quaeque,
501 2773 621 2834 etiamsi
643 2791 778 2855 corpora
800 2780 889 2856 capta
912 2770 974 2835 sint
995 2772 1088 2835 armis
1110 2778 1164 2835 aut
1185 2774 1353 2837 constricta
1375 2774 1444 2836 rin·

126 2868 199 2942 clia,
246 2875 352 2932 tanmn
384 2886 475 2929 suum
507 2867 556 2928 ius
598 2873 692 2952 atque
736 2867 876 2931 omnium
915 2888 1023 2932 rerum
1057 2867 1238 2950 impunitam
1268 2868 1444 2934 libertatem

127 2972 235 3028 tenere
257 2964 379 3027 debeat.
434 2962 522 3038 Quae
544 2979 620 3024 vero
643 2961 808 3037 addidisti,
832 2982 895 3024 non
917 2964 1011 3025 modo
1032 2969 1173 3027 senatum
1189 2964 1309 3028 servire
1330 2982 1444 3048 possa

126 3056 246 3144 populo
267 3059 324 3122 sed
345 3054 437 3120 etiam
461 3053 617 3128 debere,
651 3055 720 3141 quis
743 3053 803 3118 hnc
824 3054 1032 3138 philosophus
1054 3064 1115 3120 tam
1138 3055 1260 3133 mollis,
1294 3064 1357 3121 mm
1380 3055 1445 3121 lan-

127 3153 258 3238 guidus,
293 3158 356 3213 tam
378 3157 561 3224 enervatus,
590 3155 653 3211 tam
675 3149 780 3212 omnia
801 3151 840 3212 ad
862 3147 1053 3232 voluptatem
1075 3150 1216 3235 corporis
1238 3149 1481 3236 doloremqneso

127 3244 268 3311 referens
289 3242 424 3331 probare
445 3251 566 3330 posset,
589 3251 730 3307 senatum
752 3244 872 3308 servire
893 3246 1030 3329 populo,
1052 3245 1103 3307 cui
1124 3247 1260 3329 populus
1288 3248 1355 3333 ipse
1377 3264 1445 3309 mo-

128 3338 258 3407 derandi
279 3348 310 3406 et
330 3336 459 3423 regendi
488 3339 537 3402 sni
566 3344 752 3422 potestatem
781 3339 869 3424 quasi
899 3340 1048 3423 quasdam
1077 3336 1215 3404 habenas
1248 3339 1445 3405 tradidisset?

127 3436 209 3500 Llll.
231 3439 305 3499 227.
329 3436 437 3519 ltaque
459 3434 537 3497 haec
559 3452 628 3495 cum
651 3453 671 3496 a
692 3439 722 3497 te
743 3430 890 3497 divinitus
912 3452 971 3517 ego
995 3434 1077 3497 dicta
1098 3434 1285 3512 arbitrarer,
1308 3438 1343 3500 Ρ.
1359 3435 1446 3499 Ruti-

126 3527 187 3596 lius
214 3527 333 3606 Rufus,
367 3530 463 3592 hnmn
494 3524 605 3591 doctus
634 3533 665 3589 et
693 3525 912 3610 philosophiae
942 3525 1080 3600 deditus,
1112 3548 1178 3592 non
1209 3533 1304 3594 modo
1333 3549 1443 3616 parurn

127 3625 292 3689 commode
324 3620 379 3688 sad
408 3621 502 3687 etiam
531 3622 666 3703 turpiter
686 3628 717 3684 et
737 3619 889 3705 flagitiose
913 3619 994 3686 dicta
1015 3642 1085 3687 esse
1113 3621 1247 3688 dicebat.
1293 3621 1480 3711 ldemquess

128 3718 270 3782 Servium
294 3714 442 3792 Galbam,
471 3735 565 3803 quem
587 3716 748 3780 hominem
770 3718 868 3800 probe
891 3715 1142 3782 commeminisse
1163 3737 1197 3781 se
1219 3719 1340 3795 aiebat,
1374 3737 1445 3801 per-

128 3813 264 3897 graviter
294 3810 527 3895 reprehendere
555 3811 695 3886 solebat,
733 3811 819 3897 quod
846 3811 891 3885 is,
926 3812 960 3874 L.
976 3807 1140 3876 Scribonio
1169 3813 1383 3898 quaestionem
1411 3808 1444 3874 in

127 3927 198 3972 eum
227 3905 365 3982 ferente,
398 3905 506 3992 populi
537 3903 784 3970 misericordiam
811 3902 1014 3977 concitasset,
1047 3926 1118 3968 eum
1140 3908 1181 3969 id.
1203 3907 1294 3980 Gato,
1329 3904 1443 3971 Galbae

127 4000 231 4086 gravis
263 4011 357 4088 atque
388 4020 462 4065 acer
490 4000 649 4074 inimicus,
686 4019 798 4084 aspere
819 4000 901 4085 apud
924 3996 1074 4081 populum
1097 4002 1274 4065 Romanum
1295 4007 1327 4065 et
1349 4002 1443 4065 vehe-

127 4104 250 4161 menter
271 4103 353 4161 esset
374 4093 511 4172 locutus,
542 4115 635 4180 quam
657 4097 831 4160 orationem
853 4091 885 4156 in
907 4093 1087 4176 Originibus
1110 4096 1173 4159 suis
1195 4095 1342 4180 exposuit
1362 4093 1481 4176 ipsese

127 4191 200 4255 228.
229 4192 489 4276 Reprehendebat
515 4190 612 4275 igitur
639 4191 768 4255 Galbam
800 4186 951 4263 Rutilius,
986 4192 1070 4274 quod
1092 4188 1119 4253 is
1141 4190 1176 4253 C.
1194 4188 1321 4275 Sulpicii
1345 4187 1442 4263 Galli,

127 4286 296 4372 propinqui
310 4286 373 4360 sui,
396 4286 436 4363 Q.
453 4284 607 4371 pupillum
621 4283 719 4349 lilium
734 4284 802 4366 ipse
824 4301 923 4367 paene
945 4283 978 4345 in
1000 4284 1149 4348 humeros
1170 4303 1244 4348 suos
1266 4281 1443 4358 extulisset,

195 4487 223 4539 ’1.
242 4484 314 4551 opst]
335 4489 392 4554 opit
411 4487 495 4538 Codd.
509 4486 543 4537 al.
564 4487 639 4547 prob.
661 4486 837 4550 flaustnqero.
854 4510 885 4522 -
905 4485 932 4535 0.
951 4480 994 4548 na]
1012 4499 1069 4545 nec,
1088 4493 1118 4535 ut
1135 4484 1209 4536 dedit
1225 4484 1384 4542 Sebutrtur,
1405 4489 1446 4535 art

128 4561 153 4610 tn
173 4557 220 4622 bg.
239 4558 284 4608 23.
304 4557 348 4608 aa.
368 4581 402 4593 -
433 4560 474 4608 tt.
502 4553 598 4618 antu]
616 4557 722 4608 obertus
738 4558 846 4608 Battus.
871 4581 906 4592 -
936 4556 978 4605 15.
1004 4561 1028 4606 et
1043 4556 1161 4618 princtpt
1177 4555 1259 4606 Brito
1277 4561 1385 4605 auctore
1404 4555 1443 4606 T:

125 4631 242 4694 principt
260 4640 319 4679 curn
338 4628 424 4679 Ltbrts
442 4627 498 4678 ΙΙΙΙ.
521 4652 549 4662 -
580 4629 677 4678 dicerer
693 4627 742 4677 tna
758 4627 792 4678 n.
819 4652 850 4665 -
878 4626 921 4677 17.
941 4627 1032 4687 eripite
1050 4639 1082 4676 ca
1098 4625 1250 4690 {oucibualt
1269 4626 1383 4689 altique.
1402 4626 1442 4676 n:

128 4701 220 4761 eripite
237 4712 286 4749 nna
305 4712 338 4749 sc
354 4698 374 4761 f.
394 4698 425 4747 ΙΙ.
442 4725 468 4737 ·-
491 4697 533 4749 ti.
555 4704 579 4748 et
597 4706 658 4749 anta
672 4710 812 4760 possumus
830 4711 884 4748 nm.
906 4697 936 4747 B.
952 4719 983 4732 -
1001 4696 1046 4745 22.
1058 4707 1118 4745 uero
1137 4696 1205 4760 qnod
1222 4710 1274 4746 non
1291 4720 1303 4732 ·
1320 4721 1331 4732 ·
1348 4696 1442 4752 duero.

126 4775 246 4835 potestne
263 4769 370 4821 Battus.
393 4794 422 4806 -
441 4767 484 4820 25.
505 4781 588 4818 cusan
607 4771 640 4819 u.
660 4792 694 4804 -
723 4767 767 4818 25.
786 4770 907 4819 instricta
927 4768 957 4816 li.
979 4791 1008 4804 -·
1039 4766 1133 4816 cinctis
1152 4764 1235 4816 Gndd.
1255 4766 1367 4824 at..1t:
1386 4768 1444 4817 niae

129 4840 194 4890 cadis
212 4840 267 4889 na.
289 4863 317 4875 -·
342 4839 386 4889 28.
405 4838 476 4890 dedet
495 4837 643 4891 Sabutatur.
665 4860 694 4874 ··
725 4837 769 4888 st.
789 4839 866 4889 modo
885 4851 938 4888 om.
958 4837 978 4886 u
998 4842 1024 4886 et
1042 4837 1088 4901 bg.
1109 4848 1213 4896 omnes,
1234 4843 1338 4887 tantam
1355 4837 1389 4888 R.
1411 4861 1443 4874 -

129 4911 172 4965 ³5·
192 4911 265 4963 idem
285 4908 316 4976 Q.
334 4909 452 4964 stratum
469 4909 502 4963 n.
525 4936 554 4949 -
575 4909 618 4962 aa.
635 4908 720 4974 probs
736 4921 813 4960 nnsis
832 4916 857 4962 et
875 4909 1022 4960 meminisse
1039 4908 1072 4958 a.
1093 4931 1124 4944 -
1142 4906 1189 4957 ts.
1207 4908 1262 4973 ipsa
1279 4921 1331 4961 om.
1349 4909 1383 4963 s.
