3216 5400
157 232 200 295 91
661 223 714 286 DE
741 221 988 288 INVENTIONE

159 396 207 454 est
234 382 414 451 constitutio
442 380 556 447 omnis.
601 383 670 445 Non
700 382 781 444 enim
809 400 902 444 causa
924 376 963 443 ad
985 377 1260 454 constitutionem,
1295 378 1351 444 sed
1372 366 1509 445 consti-⁹

157 480 236 547 tutio
259 477 298 544 ad
320 496 444 542 causam
467 472 732 538 accommodatur.
777 476 838 538 Sed
861 471 1085 538 demonstratio
1107 481 1138 538 et
1159 473 1345 537 deliberatio
1363 477 1488 558 generis

159 594 271 640 causae
293 582 398 658 partes
420 589 483 634 non
505 576 635 653 possunt
655 576 741 632 recte
764 569 884 653 putari,
917 569 1000 652 quod
1030 569 1096 652 ipsa
1127 575 1199 632 sunt
1220 587 1355 650 genera;
1387 571 1487 632 multo

158 670 255 754 igitur
277 669 379 731 minus
401 672 484 729 recte
500 660 596 748 partis
611 663 694 735 eius,
717 664 802 748 quod
816 662 866 725 hic
882 661 974 736 dicit,
999 670 1103 747 partes
1118 664 1321 746 putabuntur.
1365 665 1488 728 Deinde

137 763 187 827 ssi
201 759 381 827 constitutio
406 759 526 842 etipsa
548 764 578 821 et
599 776 671 841 pars
692 754 760 820 eius
783 755 942 839 quaelibet
963 755 1145 821 intentionis
1160 756 1302 841 depulsio
1319 767 1384 829 est,
1407 778 1488 841 quae

160 853 341 921 intentionis
369 852 512 937 depulsio
544 870 606 913 nou
636 859 704 924 est,
739 869 775 913 ea
804 871 862 914 nec
883 850 1062 915 constitutio
1086 871 1143 915 uec
1165 871 1237 935 pars
1259 852 1489 917 constitutionis

159 960 218 1017 θεῖ.
262 953 301 1014 m
323 950 371 1023 si,
404 965 485 1030 quae
507 946 685 1009 intentionis
714 944 858 1029 depulsio
887 964 951 1009 non
978 953 1046 1019 est,
1082 966 1119 1009 ea
1147 967 1205 1008 uec
1227 945 1408 1011 constitutio
1431 966 1490 1009 nec

159 1067 232 1133 pars
253 1039 482 1108 constitutionis
504 1046 569 1113 est,
594 1038 819 1103 demonstratio
841 1048 872 1103 ct
894 1037 1079 1103 deliberatio
1103 1060 1206 1125 neque
1229 1040 1409 1105 constitutio
1430 1060 1491 1103 nec

159 1161 233 1227 pars
255 1134 481 1204 constitutionis
501 1141 559 1198 est.
605 1131 638 1196 Si
652 1132 749 1215 igitur
765 1133 948 1198 constitutio
964 1133 1074 1219 etipsa
1090 1142 1122 1199 et
1136 1155 1209 1217 pars
1225 1135 1293 1199 eius
1308 1134 1490 1198 intentionis

121 1250 151 1291 ¹0
161 1232 303 1320 depulsio
326 1240 393 1305 est,
431 1226 616 1294 deliberatio
648 1235 679 1291 et
707 1228 931 1293 demonstratio
960 1249 1062 1312 neque
1085 1228 1266 1295 constitutio
1288 1249 1393 1314 neque
1415 1248 1490 1314 pars

158 1325 388 1399 ,constitutionis
420 1332 477 1388 est.
533 1322 638 1386 Placet
676 1328 781 1386 autem
819 1321 877 1408 ipsi
920 1323 1176 1389 constitutionem
1206 1322 1387 1388 intentionis
1420 1343 1490 1387 esse

161 1420 394 1507 depulsionem
429 1416 549 1503 placeat
578 1414 673 1497 igitur
701 1425 827 1498 oportet
855 1417 1155 1482 demonstrationem
1177 1425 1207 1482 et
1229 1415 1491 1482 deliberationem

160 1535 224 1581 uon
254 1535 323 1580 esse
356 1509 609 1577 constitutionem
638 1529 695 1573 nec
722 1520 843 1595 partem
872 1511 1112 1576 constitutionis.
1169 1516 1270 1595 Atque
1292 1515 1355 1575 boc
1377 1509 1489 1575 eodem

159 1608 342 1694 urgebitur,
366 1605 432 1671 sive
454 1603 707 1668 constitutionem
728 1604 862 1689 primam
883 1625 995 1669 causae
1017 1607 1205 1670 accusatoris
1220 1602 1491 1669 confirmationem

122 1720 151 1762 ss
161 1700 279 1769 dixerit
301 1700 368 1765 sive
390 1697 567 1763 defensoris
588 1697 722 1783 primam
743 1696 1020 1781 deprecationem
1057 1720 1129 1764 nam
1152 1719 1226 1764 eum
1249 1699 1362 1764 eadem
1385 1702 1492 1764 omnia

161 1795 360 1863 incommoda
383 1801 565 1877 sequentur.

248 1893 297 1955 ll.
334 1886 454 1954 Deinde
486 1885 703 1951 coniecturalis
733 1906 826 1952 causa
855 1908 917 1951 uon
947 1893 1050 1972 potest
1071 1885 1165 1952 simul
1188 1907 1229 1952 ex
1258 1885 1368 1952 eadem
1401 1897 1491 1974 parte

162 1987 274 2052 codem
296 1983 328 2047 iu
350 2002 465 2067 genere
488 1991 519 2045 et
540 1980 759 2046 coniecturalis
781 2001 849 2045 essc
865 1989 896 2044 et
911 1979 1079 2046 definitiva.
1125 1985 1245 2046 Rursus
1260 2001 1318 2045 uec
1333 1979 1492 2047 definitiva

160 2099 255 2145 causa
275 2085 379 2162 potest
400 2074 492 2141 simul
513 2096 554 2139 ex
586 2080 694 2140 eadem
724 2085 814 2158 parte
847 2077 960 2140 eodem
988 2074 1021 2139 in
1050 2095 1165 2160 genere
1187 2085 1219 2140 et
1239 2075 1398 2141 definitiva
1422 2097 1492 2141 esse

124 2182 195 2244 met
215 2169 406 2237 translativa.
450 2173 490 2234 Et
511 2169 639 2234 omniuo
661 2168 744 2234 nulla
766 2168 946 2234 constitutio
968 2188 1025 2232 uec
1047 2189 1120 2254 pars
1142 2170 1372 2235 constitutionis
1387 2180 1492 2255 potest

163 2266 257 2351 dmul
286 2274 316 2329 et
344 2285 433 2330 suam
462 2263 577 2328 babere
607 2272 638 2327 et
658 2262 787 2328 alterius
808 2262 841 2327 in
864 2283 897 2327 se
918 2262 983 2327 vim
1006 2264 1189 2341 continere;
1225 2262 1299 2330 ideo
1321 2263 1407 2351 quod
1430 2286 1492 2330 una

164 2381 309 2447 quaeque
332 2380 374 2424 ex
394 2378 429 2423 se
451 2365 482 2421 θῖ
497 2378 535 2421 ex
553 2378 608 2421 sua
622 2366 734 2421 natura
748 2355 929 2442 simpliciter
943 2358 1176 2435 consideratur;
1202 2358 1299 2423 altera
1319 2369 1490 2445 assumpta,

164 2476 313 2521 uumerus
336 2454 592 2518 constitutionum
614 2450 810 2537 duplicatur,
846 2472 909 2516 non
938 2451 986 2516 vis
1010 2452 1240 2518 constitutionis
1262 2462 1407 2537 augetur.
1452 2457 1493 2518 nt

165 2548 368 2615 deliberativa
390 2567 481 2612 causa
503 2545 596 2611 simul
618 2569 658 2611 ex
680 2549 791 2610 eadem
824 2555 913 2632 parte
944 2545 1056 2611 eodem
1087 2547 1118 2611 in
1141 2567 1258 2631 genere
1281 2557 1313 2612 ct
1333 2550 1493 2613 coniectu-

126 2643 262 2716 rsralem
291 2650 321 2707 et
348 2641 525 2727 generalem
552 2649 583 2705 et
604 2640 792 2706 definitivam
815 2650 847 2704 θῖ
868 2640 1077 2705 translativam
1100 2640 1179 2706 solet
1200 2638 1318 2706 babere
1340 2643 1494 2708 constitu-

165 2737 305 2813 tionem,
341 2744 372 2800 et
400 2757 493 2801 uuam
523 2735 689 2821 aliquando
720 2744 751 2799 et
781 2733 886 2818 plures
915 2755 1148 2820 nonnunquam.
1191 2739 1277 2819 Ergo
1298 2738 1365 2823 ipsa
1386 2759 1492 2821 neque

164 2830 346 2898 constitutio
369 2840 416 2896 est
437 2850 494 2895 nec
515 2850 587 2915 pars
609 2828 848 2894 constitutionis.
895 2831 982 2894 Idem
1003 2830 1036 2894 in
1051 2827 1315 2897 demonstratione
1330 2832 1410 2897 solet
1432 2854 1493 2897 usu

70 2968 72 2970 -
164 2928 285 2992 venire.
332 2928 452 2991 Genera
473 2925 586 3008 igitur,
620 2932 747 2987 utente
770 2921 923 2998 diximus,
957 2923 1034 2990 baec
1062 2944 1226 2989 causarum
1248 2930 1384 3010 putanda
1405 2935 1490 3003 sunt,

164 3039 228 3085 uon
260 3027 363 3105 partes
396 3017 527 3083 alicuius
557 3016 798 3082 constitutionis.
854 3019 915 3080 xt.
950 3020 1037 3084 llaec
1064 3039 1143 3103 ergo
1164 3019 1363 3097 constitutio,
1397 3042 1493 3105 quam

128 3113 344 3197 „generalem
365 3111 586 3186 nominamus,
621 3117 726 3196 partes
756 3110 881 3175 videtur
903 3112 994 3177 uobis
1016 3115 1093 3177 duas
1114 3111 1248 3189 babere,
1281 3113 1492 3179 iuridicialem

139 3213 144 3220 “
166 3214 199 3272 θῖ
218 3206 418 3292 negotialem.
464 3204 650 3271 Iuridicialis
673 3212 737 3280 est,
761 3204 794 3268 in
817 3226 878 3288 qua
897 3205 989 3292 aequi
1004 3216 1035 3271 θῖ
1048 3211 1127 3272 recti
1143 3217 1271 3282 natura,
1293 3217 1346 3273 aut
1359 3207 1494 3293 praemii

165 3309 220 3366 aut
241 3320 361 3386 poenae
383 3301 463 3367 ratio
486 3300 663 3387 quaeritur;
688 3298 866 3383 negotialis,
891 3299 1017 3386 inqua,
1041 3300 1116 3386 quid
1138 3299 1217 3366 iuris
1238 3322 1279 3366 ex
1300 3301 1385 3366 civili
1402 3323 1493 3367 more

165 3404 199 3461 θῖ
225 3394 381 3478 aequitate
408 3397 467 3470 sit,
500 3393 716 3460 consideratur
724 3414 733 3471 ;
767 3391 817 3458 cui
840 3393 1017 3478 diligentiae
1038 3413 1184 3480 praeesse
1214 3397 1297 3478 apud
1328 3416 1387 3463 uos
1413 3395 1493 3461 iuris

167 3490 302 3556 consulti
316 3489 545 3559 existimantur.
590 3492 639 3552 15.
662 3489 708 3552 Ac
722 3486 902 3553 iuridicialis
917 3487 1044 3571 quidem
1059 3490 1126 3574 ipsa
1140 3489 1173 3554 in
1195 3488 1273 3554 duas
1294 3487 1495 3556 distribuitur

126 3591 290 3672 spartes,
320 3581 491 3649 absolutam
515 3591 546 3647 θῖ
567 3581 799 3667 assumptivum.
844 3581 993 3648 Absoluta
1017 3590 1080 3657 est,
1114 3604 1196 3666 quae
1217 3583 1340 3669 ipsein
1362 3604 1396 3648 εθ
1418 3604 1495 3650 con-

163 3677 245 3744 tinet
266 3676 343 3743 iuris
364 3687 396 3744 et
415 3676 550 3742 iniuriae
574 3675 811 3762 quaestionem
849 3676 1058 3761 assumptiva,
1092 3699 1173 3761 quae
1207 3677 1274 3763 ipsa
1295 3697 1337 3742 ex
1359 3699 1392 3741 se
1414 3678 1493 3743 nihil

167 3771 222 3840 slat
242 3769 323 3836 [irmi
344 3776 384 3837 ad
404 3772 648 3847 recusationem,
670 3771 747 3836 loris
769 3777 871 3835 autem
895 3769 1012 3856 aliquid
1034 3771 1225 3838 defensionis
1246 3770 1385 3836 assumit.
1416 3771 1493 3837 Eius

167 3875 275 3954 partes
304 3875 375 3931 sunt
405 3875 571 3952 quattuor,
607 3865 781 3943 concessio,
815 3865 950 3930 remotio
979 3864 1141 3942 criminis,
1184 3865 1296 3931 relatio
1330 3866 1491 3943 criminis,

169 3961 371 4045 comparatio.
416 3961 584 4026 Concessio
606 3969 668 4035 est,
690 3983 762 4026 eum
785 3981 857 4025 reus
878 3980 942 4024 nou
964 3958 1018 4035 id,
1044 3959 1129 4043 quod
1151 3959 1267 4025 lactum
1289 3968 1352 4035 est,
1385 3963 1494 4026 delen-

130 4057 235 4132 ssdit,
262 4055 316 4121 sed
339 4064 373 4121 ut
394 4054 593 4140 ignoscatur,
623 4056 769 4141 postulat.
827 4053 966 4119 Haecin
989 4053 1066 4119 duas
1088 4065 1192 4140 partes
1215 4054 1386 4131 dividitur,
1419 4076 1494 4141 pur-

242 4249 268 4298 1.
288 4252 327 4297 sst
344 4247 497 4298 constantio
515 4246 623 4296 PllllTs
652 4246 803 4296 corsstttots'o
822 4253 858 4295 est
876 4245 931 4306 Vll.
952 4269 982 4281 -
1013 4245 1039 4295 2.
1059 4244 1120 4310 Sed}
1140 4250 1165 4294 et
1183 4244 1228 4294 ΛΤ
1248 4252 1275 4296 et
1293 4258 1333 4307 pr·
1352 4244 1390 4303 P,
1411 4253 1440 4295 at
1461 4247 1492 4306 L,

172 4319 217 4372 sed
235 4326 260 4369 et
277 4319 310 4368 V.
328 4343 361 4353 —
379 4319 406 4367 4.
429 4315 510 4382 quod]
531 4331 610 4381 quom
629 4316 704 4366 PAT.
741 4316 774 4364 Ut
792 4329 857 4372 nos,
885 4316 917 4365 V.
939 4341 967 4353 -
996 4317 1022 4366 5.
1040 4329 1106 4376 pars
1124 4317 1178 4366 eius
1196 4315 1262 4365 vu:
1287 4329 1352 4377 pers
1369 4319 1494 4366 eonstitu-

172 4391 255 4439 ts'om‘s
283 4392 339 4438 etus
356 4388 454 4439 PATB.
487 4413 515 4425 -
547 4389 573 4437 P.
601 4388 655 4438 stas
679 4387 806 4451 quaelibet
824 4388 976 4437 latentioris
1001 4387 1057 4435 Vll.
1077 4413 1108 4423 -
1139 4388 1182 4436 11.
1203 4389 1418 4437 constitutionem
1437 4402 1491 4438 om.

173 4460 251 4511 ΡΑΤ.
274 4485 302 4501 ··
333 4460 376 4511 12.
395 4460 641 4509 demonstrationem
658 4463 682 4506 et
700 4457 909 4507 deliberationem
927 4471 978 4507 om.
999 4457 1075 4506 Par.
1097 4482 1125 4494 —
1159 4456 1201 4507 18.
1220 4456 1321 4505 Rursus
1339 4472 1391 4507 om.
1413 4471 1453 4519 pr.
1472 4459 1493 4507 P

174 4538 201 4583 et
219 4529 337 4581 schedae
357 4530 555 4592 Oudendorpu,
576 4533 632 4591 lpse
650 4527 787 4589 probante.
809 4551 839 4562 -
858 4528 902 4576 22.
922 4527 1007 4577 attero
1025 4534 1113 4577 autem
1131 4534 1269 4590 assumpta
1287 4527 1328 4587 V,
1348 4528 1439 4578 lamb.
1462 4554 1491 4565 -

121 4613 130 4630 ·
174 4600 218 4652 Pb.
247 4614 330 4662 osque
355 4600 461 4650 PART:
493 4614 539 4650 nee
559 4599 590 4648 ll.
621 4624 653 4634 -
681 4599 725 4647 28.
750 4599 837 4647 omlre
864 4598 950 4648 Par:
977 4601 1077 4648 euenire
1097 4598 1152 4648 RE.
1173 4623 1205 4637 -·
1234 4599 1494 4649 composueratis

173 4669 309 4722 VPART:
328 4671 405 4720 nobis
422 4671 527 4721 uidetur
545 4670 574 4721 ll.
597 4695 625 4706 —
647 4669 690 4719 ³1.
710 4670 774 4720 rsets'
793 4667 884 4717 VART
904 4677 929 4718 et
948 4683 987 4732 pr.
1007 4669 1047 4718 P:
1072 4670 1160 4730 tntqot
1177 4669 1198 4718 Ε
1216 4680 1275 4718 cum
1296 4673 1388 4729 paucls
1406 4670 1491 4719 Codd.

157 4740 255 4804 .(eorr.
276 4737 316 4803 P.)
345 4743 441 4806 Exigua
465 4755 526 4794 sane
553 4747 592 4792 est
609 4740 686 4791 butus
705 4742 765 4791 teet.
786 4743 940 4790 suctorttas.
961 4765 990 4776 -
1023 4747 1071 4788 cart
1087 4740 1200 4802 praemit
1217 4739 1353 4788 VPART:
1379 4742 1494 4801 praemit

176 4811 197 4864 ll
216 4814 285 4860 eout.
303 4836 336 4845 -
356 4811 399 4860 32.
417 4812 558 4878 reportatis
574 4810 681 4865 Plan:
700 4810 839 4877 asportatis
857 4818 894 4863 est
912 4809 966 4862 vlt.
987 4835 1015 4849 -
1036 4809 1081 4863 33.
1101 4811 1271 4861 iureconsulti
1288 4823 1329 4873 pr.
1343 4808 1374 4861 P.
1395 4836 1426 4848 -
1446 4809 1491 4862 37.

176 4883 225 4935 dot
241 4880 312 4948 firmi
329 4880 412 4933 rna:
430 4884 501 4950 firmi
518 4883 565 4935 dat
583 4882 641 4934 118.
