3216 5400
202 264 243 330 70
702 254 755 321 ab
777 255 1008 323 HERENNlUbl

202 443 289 496 nem,
323 420 412 488 stude
433 437 542 485 verum
564 414 714 482 invenire.
757 417 826 479 Hoc
857 436 954 498 genus
981 424 1013 483 et
1039 419 1242 483 acrimoniam
1263 416 1358 484 babet
1379 421 1411 485 iu
1433 439 1467 486 se
1490 429 1522 487 et

202 518 510 586 vehementissimum
531 519 579 577 est
600 519 630 575 et
652 514 689 575 ad
712 508 895 575 brevitatem
918 512 1197 578 accommodatum.

285 611 441 677 Praecisio
463 615 525 682 est,
548 628 637 681 cum,
660 604 750 670 dictis
773 606 977 692 quibusdam,
1000 610 1174 694 reliquum,
1198 612 1282 694 quod
1304 621 1451 696 coeptum
1474 618 1523 677 est

203 708 277 782 dici,
299 707 485 793 relinquitur
505 703 685 769 inchoatum
707 703 739 765 in
754 700 946 766 audientium
968 703 1100 778 iudicio,
1124 705 1186 770 sic:
1208 705 1285 769 Mihi
1307 714 1410 771 tecum
1431 727 1523 793 prae·

180 802 332 870 secretio
353 823 417 867 non
439 805 506 875 esi,
529 797 602 863 ideo
624 797 710 881 quod
731 794 866 880 populus
888 799 1044 862 Romanus
1066 820 1116 862 me
1141 847 1148 862 .
1176 846 1183 861 .
1210 847 1219 864 .
1241 802 1317 865 nolo
1332 799 1455 877 dicere,
1480 825 1521 867 ne

202 899 251 962 oui
279 899 361 962 sorte
386 915 536 979 arrogans
564 890 687 968 videar3
720 899 751 954 te
780 898 883 954 autem
912 912 1004 977 saepe
1032 894 1204 976 ignominia
1233 896 1360 979 dignum
1391 900 1522 983 putavit.

155 1048 158 1053 .
201 994 300 1057 Item:
339 996 385 1055 Tu
407 993 467 1054 ista
487 1007 570 1054 nunc
591 989 687 1051 eudes
710 987 832 1058 dicere,
867 988 919 1071 qui
949 1008 1050 1073 nuper
1078 991 1198 1053 alienae
1221 990 1327 1054 domui
1353 1038 1360 1053 .
1388 1038 1395 1054 .
1422 1038 1430 1055 .
1455 1012 1522 1056 non

201 1088 299 1152 ausim
322 1082 448 1158 dicere,
469 1103 525 1154 ne,
549 1101 619 1146 cum
641 1087 671 1144 te
693 1077 784 1162 digna
808 1081 938 1153 dixero,
962 1103 1012 1147 me
1035 1085 1196 1168 indignum
1219 1086 1380 1170 quidpiam
1402 1087 1521 1151 dixisse

201 1181 320 1246 videar.
365 1179 426 1241 Hic
445 1176 582 1240 atrocior
603 1174 693 1239 tacita
715 1171 850 1258 suspicio
873 1195 966 1260 quam
989 1181 1102 1242 diserta
1126 1180 1303 1264 explanatio
1326 1178 1404 1243 lacta
1427 1189 1485 1244 est.

164 1291 192 1332 re
286 1271 451 1338 Conclusio
474 1279 531 1345 est,
555 1290 634 1356 quae
649 1270 737 1332 brevi
752 1271 1019 1353 argumentatione
1033 1292 1072 1336 ex
1094 1275 1148 1342 iis.
1171 1294 1251 1359 quae
1267 1282 1338 1338 ante
1354 1273 1434 1338 dicta
1450 1283 1524 1338 sunt

201 1377 256 1434 ant
277 1367 373 1442 lacta,
398 1363 521 1430 conficit
541 1366 592 1439 id,
617 1365 701 1447 quod
723 1366 898 1428 necessario
923 1378 1146 1453 consequatur,
1169 1368 1230 1433 boc
1251 1371 1380 1462 modoc‘
1399 1370 1522 1447 Quodsi

201 1465 314 1529 Danais
344 1464 449 1526 datum
480 1468 547 1524 erat
578 1460 740 1523 oraculum
771 1480 833 1523 non
863 1479 955 1544 posse
984 1463 1052 1547 capi
1081 1465 1205 1527 Troiam
1234 1465 1301 1528 sine
1329 1463 1522 1528 Philoctetae

202 1558 336 1642 sagittis,
369 1560 428 1621 bae
455 1564 557 1620 autem
585 1551 661 1617 nibil
683 1551 766 1616 aliud
787 1553 950 1629 fecerunt,
985 1555 1044 1619 nisi
1068 1559 1280 1623 Alexandrum
1302 1558 1519 1643 perculerunt,

202 1656 284 1719 bunc
306 1653 525 1735 exstinguere,
549 1650 580 1713 id
602 1649 749 1711 nimirum
772 1650 839 1731 capi
864 1647 920 1713 luit
942 1653 1077 1714 Troiam.

164 1771 192 1813 rs
285 1748 400 1814 XXXL
439 1745 490 1808 32.
535 1746 662 1806 Restant
695 1743 787 1807 ctiam
821 1745 930 1807 decem
963 1748 1184 1810 exornationes
1220 1746 1406 1822 verborum,
1443 1766 1522 1832 quas

201 1845 318 1909 idcirco
341 1862 405 1905 non
426 1860 505 1923 vage
533 1837 753 1923 dispersimus,
790 1834 845 1901 sed
873 1859 892 1901 a
920 1838 1136 1922 superioribus
1163 1844 1400 1936 separavimus,
1435 1846 1521 1928 quod

203 1957 311 2002 omnes
332 1935 364 2000 iu
386 1954 450 1999 uno
471 1955 587 2016 genere
609 1942 681 1997 sunt
701 1933 832 2018 positae.
878 1936 954 1996 Nam
978 1954 1085 1997 earum
1108 1937 1247 1999 omnium
1270 1939 1331 2000 boc
1354 1937 1520 2022 proprium

203 2039 268 2107 est,
292 2037 327 2094 ut
348 2031 387 2093 ab
409 2029 521 2093 usitata
542 2026 711 2093 verborum
735 2034 886 2113 potestate
908 2026 1073 2092 recedatur
1094 2038 1187 2114 atque
1209 2034 1241 2094 in
1257 2033 1349 2095 aliam
1365 2033 1521 2094 rationem

202 2147 273 2190 cum
307 2126 440 2209 quedam
471 2130 633 2188 venustate
666 2121 767 2186 oratio
800 2120 987 2186 conferatur.
1035 2127 1081 2187 De
1115 2128 1229 2210 quibus
1262 2128 1521 2190 excreationibus

165 2221 374 2285 ”nominatio
397 2226 445 2283 est
465 2220 581 2303 prima,
605 2237 686 2302 quae
709 2237 766 2279 nos
788 2219 952 2288 admonet,
981 2224 1036 2289 ut,
1065 2220 1152 2281 euius
1174 2221 1221 2283 rei
1244 2241 1360 2283 nomen
1382 2228 1521 2285 autnon

202 2317 242 2380 sit
264 2321 316 2378 aut
337 2314 410 2377 satis
431 2315 580 2376 idoneum
603 2331 666 2375 non
700 2309 754 2384 sit,
791 2331 860 2374 eam
892 2320 1016 2375 nosmet
1047 2311 1161 2376 idoneo
1193 2312 1292 2377 verbo
1324 2317 1521 2379 nominemus

182 2417 257 2489 ,eut
284 2408 465 2472 imitationis
497 2414 550 2471 aut
577 2403 812 2489 significationis
844 2425 946 2475 causa.
1002 2408 1205 2482 Imitatiouis,
1241 2411 1302 2472 boc
1335 2411 1449 2484 modo,
1487 2415 1523 2472 ut

202 2506 338 2569 maiores
365 2505 481 2567 rudere
509 2510 540 2566 et
567 2502 674 2583 vagire
702 2507 734 2563 et
759 2499 882 2583 mugire
910 2509 941 2564 et
963 2522 1160 2567 murmurare
1183 2510 1215 2568 et
1235 2502 1363 2569 sibilare
1385 2504 1522 2590 appella-

202 2607 286 2665 runt.
332 2595 556 2682 significandae
578 2597 624 2661 rei
639 2614 748 2668 causa,
771 2594 835 2657 sic:
857 2596 1024 2682 Postquam
1046 2598 1105 2660 iste
1127 2599 1159 2660 in
1181 2616 1247 2661 rem
1270 2597 1425 2681 publicam
1447 2597 1524 2663 iecit

166 2695 373 2779 reimpetnm,
408 2691 515 2775 fragor
542 2690 673 2755 civitatis
700 2687 851 2773 imprimis
880 2698 927 2752 est
953 2689 1083 2755 auditus.
1135 2693 1204 2756 Hoc
1233 2715 1348 2776 genere
1375 2713 1448 2758 raro
1475 2701 1524 2757 est

202 2791 374 2862 utendum,
405 2808 446 2851 ne
467 2787 542 2852 nori
563 2785 654 2849 verbi
676 2784 840 2848 assiduitas
862 2781 968 2848 odium
991 2785 1111 2870 pariat;
1138 2790 1193 2850 sed
1215 2789 1241 2849 si
1264 2790 1430 2853 commode
1452 2789 1521 2873 quis

203 2903 240 2947 eo
263 2890 368 2947 utatur
390 2889 422 2945 et
441 2901 531 2956 raro,
567 2901 631 2943 non
660 2877 754 2941 modo
784 2899 848 2941 non
870 2877 1008 2943 oliendet
1032 2882 1184 2954 novitate,
1220 2885 1276 2947 sed
1307 2885 1401 2946 etiam
1430 2903 1523 2946 exor-

202 2980 290 3042 nabit
317 2978 501 3040 orationem.
557 2971 791 3039 Pronominatio
824 2980 887 3048 est,
926 2995 1006 3059 quae
1038 2974 1129 3039 sicuti
1163 2976 1350 3059 cognomine
1385 2980 1522 3062 quodam

204 3079 353 3136 extraneo
381 3073 572 3134 demonstrat
602 3066 651 3142 id,
685 3064 770 3152 quod
805 3088 862 3130 suo
890 3071 1018 3133 nomine
1053 3090 1117 3134 non
1146 3079 1251 3154 potest
1279 3070 1450 3157 appelleri;
1487 3081 1523 3136 ut

167 3164 230 3231 sesi
262 3162 347 3249 quis,
381 3183 451 3228 cum
474 3162 620 3248 loquatur
642 3163 681 3225 de
704 3163 864 3237 Gracchis,
903 3167 942 3227 at
962 3183 1025 3226 non
1047 3162 1183 3227 Africani
1211 3174 1356 3250 nepotes,
1390 3165 1521 3251 inquiat,

197 3259 379 3323 istiusmodi
412 3259 549 3322 luerunt.
605 3257 683 3319 ltem
715 3256 742 3319 si
774 3257 863 3340 quis,
899 3254 937 3320 de
966 3254 1145 3320 adversario
1174 3277 1244 3322 cum
1274 3261 1374 3334 dicat,
1410 3261 1523 3323 Videte

204 3374 305 3429 nunc,
340 3354 482 3438 inquiat,
516 3353 655 3426 iudices,
687 3353 948 3436 quemadmodum
972 3374 1022 3415 me
1043 3352 1261 3435 Plagiosippus
1289 3355 1347 3415 iste
1369 3356 1520 3417 tractarit.

205 3449 274 3512 lloc
306 3455 397 3530 pacto
430 3467 493 3512 nou
514 3448 656 3512 inornate
678 3447 851 3529 poterimus
880 3455 911 3509 et
940 3447 972 3508 in
999 3446 1155 3509 laudando
1186 3455 1218 3509 et
1239 3448 1272 3508 in
1292 3449 1446 3512 laedendo
1469 3455 1525 3512 aut

205 3561 338 3623 corpore
370 3550 424 3606 aut
446 3544 550 3607 animo
583 3548 638 3605 aut
669 3543 825 3606 extraneis
854 3543 947 3604 rebus
978 3542 1105 3616 dicere,
1141 3541 1241 3605 sicubi
1263 3543 1301 3604 sit
1331 3564 1521 3627 cognomen,

169 3640 290 3725 ttquod
306 3645 464 3720 procerte
485 3639 612 3701 nomine
635 3637 836 3700 collocemus.
881 3637 1015 3699 XXXll.
1039 3638 1091 3700 43.
1115 3635 1335 3700 Denomiuatio
1352 3644 1415 3711 est,
1440 3658 1523 3722 quae

206 3737 245 3799 ab
269 3735 363 3797 rebus
385 3733 570 3816 propinquis
598 3739 629 3796 et
655 3729 793 3795 finitimis
823 3731 918 3794 trahit
946 3731 1137 3806 orationem,
1175 3751 1235 3817 qua
1262 3732 1360 3814 possit
1389 3733 1523 3816 intelligi

205 3849 279 3903 res,
314 3847 393 3914 quae
420 3848 483 3890 non
508 3848 565 3890 suo
593 3829 746 3891 vocabulo
776 3828 815 3890 sit
841 3825 1008 3908 appellata.
1053 3827 1089 3889 ld
1118 3833 1171 3889 aut
1198 3829 1238 3889 ab
1261 3828 1424 3890 inventore
1447 3848 1524 3890 con-

207 3921 325 3997 ficitur,
362 3927 397 3985 ui
418 3923 445 3985 si
466 3923 536 4006 quis
558 3922 597 3985 de
619 3922 753 4003 Tarpeio
775 3919 930 4004 loquens,
955 3940 1026 3984 eum
1050 3919 1258 4003 Capitolinum
1281 3922 1444 3998 nominet;
1469 3928 1524 3984 aut

275 4155 302 4206 4.
322 4153 479 4215 relinquitur
496 4153 645 4202 incinctum
663 4151 744 4212 ran,
774 4151 852 4203 seb:
880 4153 1038 4214 relinquitur
1064 4151 1169 4215 (omisso
1188 4148 1351 4215 incinctam)
1371 4151 1401 4202 li.
1439 4152 1524 4201 Omit-

207 4225 465 4282 tentetismTltT,
486 4226 641 4284 inretorto,
662 4223 787 4283 uthB,
808 4225 877 4273 varie
898 4223 1041 4272 turbantes.
1067 4248 1088 4258 -
1120 4229 1203 4272 terrun
1218 4224 1428 4285 praecantationis
1447 4222 1523 4271 estP

207 4298 279 4359 Eri,
296 4299 471 4361 presentatio
491 4302 574 4345 tecum
592 4300 628 4342 est
647 4291 708 4352 (om.
722 4296 785 4353 non)
804 4294 840 4352 T,
861 4299 941 4343 tecum
957 4307 1010 4354 por
1027 4296 1136 4343 certatio
1156 4293 1248 4342 Lamb.
1269 4297 1337 4343 cont.
1360 4317 1388 4328 -·
1405 4293 1432 4342 7.
1452 4293 1524 4342 mind

206 4370 291 4428 suu,
313 4370 342 4418 t..
365 4393 391 4406 -
413 4368 456 4418 tn.
475 4365 541 4429 rinei
560 4367 612 4414 nisi
630 4365 681 4414 FT.
702 4387 730 4400 -
750 4365 791 4413 17.
811 4370 873 4413 runt
890 4367 991 4426 positos
1008 4364 1137 4414 PbbltTt
1156 4368 1259 4425 positus
1276 4371 1337 4414 runt
1355 4364 1407 4413 TE.
1425 4389 1457 4398 -·
1476 4365 1520 4413 20.

208 4443 278 4491 euim
302 4438 404 4489 l’ltlth
435 4440 477 4488 cui
494 4437 569 4487 auu.
599 4459 625 4470 -
659 4434 702 4483 23.
722 4437 889 4497 oppetierunt
909 4435 1034 4484 PXFRT:
1064 4435 1263 4497 appettoocrnnt
1282 4435 1334 4484 bs.
1365 4457 1395 4467 -
1423 4435 1467 4484 25.
1487 4441 1524 4484 est

207 4511 331 4560 utendum
350 4510 474 4560 namu:
500 4506 623 4558 utendum
641 4512 678 4556 est
696 4504 750 4554 bu.
776 4531 804 4543 -
838 4506 880 4556 27.
902 4505 947 4555 red
966 4509 1045 4554 etium
1062 4508 1200 4555 exornabit
1218 4519 1276 4554 cum
1298 4505 1381 4555 Codd.
1401 4506 1464 4567 sitq.
1486 4506 1521 4554 b:

207 4582 251 4630 red
278 4585 357 4630 etiam
384 4585 496 4630 σκοπιαί
522 4576 672 4634 ribuar,
702 4576 748 4625 ted
774 4577 911 4626 exornabit
940 4579 1019 4625 etium
1038 4577 1068 4626 li.
1098 4600 1129 4611 -
1160 4575 1201 4626 29.
1222 4590 1276 4624 non
1291 4583 1374 4638 potest
1394 4577 1525 4639 appellari

208 4651 334 4701 ruint:
356 4652 488 4714 appellari
505 4663 560 4700 non
575 4656 658 4710 potest
678 4647 734 4697 Ab.
756 4672 784 4684 -
808 4647 850 4696 30.
870 4649 974 4710 inquiat
991 4647 1028 4696 T:
1048 4649 1144 4710 inquiet
1164 4646 1293 4703 attins,
1313 4649 1422 4710 inquieti
1441 4647 1470 4695 P.
1493 4670 1522 4683 -

210 4721 244 4771 33
273 4723 377 4784 inquiat
395 4721 481 4772 nnn:
500 4723 585 4785 inquit
604 4720 662 4772 PE.
682 4718 774 4779 inquid
792 4717 829 4773 F,
849 4731 900 4768 om.
915 4719 946 4767 T.
969 4741 997 4753 -
1027 4718 1224 4781 Plagiorgppns
1244 4717 1320 4766 PAT.
1359 4719 1521 4771 sitienter:

210 4791 343 4842 mGrscr.
373 4816 403 4829 -
434 4794 476 4844 ut.
496 4792 580 4843 sicubi
598 4794 634 4841 rit
651 4802 790 4855 cognomen
808 4789 959 4840 smomus:
988 4791 1065 4838 sicuti
1090 4801 1231 4849 cognomen
1255 4801 1314 4837 curn
1338 4793 1433 4839 ceteris
1453 4789 1523 4838 ttbrts

211 4865 288 4914 ettam
306 4867 387 4912 nostri
407 4870 433 4914 et
453 4865 482 4914 Ε.
504 4889 534 4902 -
565 4862 609 4915 db.
628 4861 662 4914 eb
680 4861 756 4911 rebus
771 4862 970 4927 propinquiori
987 4860 1106 4929 finitimis
1123 4857 1273 4909 rantur:
1293 4874 1311 4910 o
1325 4863 1482 4926 propinquis
1498 4865 1523 4911 ct

209 4935 327 5009 finitimis
343 4934 418 4989 rotor
437 4935 466 4990 il,
