3216 5400
164 221 225 286 160
666 219 720 284 DE
747 218 995 286 INVENTIONE

162 388 273 447 eontra
302 377 450 444 contendi
478 385 589 462 neget3
626 385 733 443 utrum
762 399 881 462 negare
910 397 1005 443 ausus
1029 376 1084 453 sit,
1117 397 1151 442 se
1174 378 1281 442 dicere
1302 380 1491 446 desiturum.

164 475 236 539 116.
260 475 292 538 Si
315 481 461 538 neutrum
483 480 578 556 neget
600 480 632 536 et
654 479 762 536 contra
779 480 884 537 umen
899 474 999 537 dicat:
1023 472 1103 537 nibil
1118 493 1203 549 esse,
1227 477 1313 559 quod
1329 476 1492 541 bominem

162 568 429 656 impudentiorem
457 565 621 652 quisquam
650 586 684 629 se
705 567 845 628 visurum
868 569 1048 631 arbitretur.
1093 568 1129 629 ln
1151 565 1211 632 boc
1234 568 1276 632 ita
1298 569 1492 635 commorari

163 666 349 740 conveniet,
384 660 471 748 quasi
494 659 572 724 nibil
593 667 758 742 praeterea
780 660 948 726 dicendum
971 660 1011 726 sit
1033 669 1065 726 et
1085 660 1175 748 quasi
1196 671 1306 727 contra
1329 665 1391 728 dici
1413 667 1494 730 nihil

140 759 276 844 apersit,
299 777 393 843 saepe
407 758 456 829 id,
479 758 563 842 quod
586 757 818 840 scriptumest,
843 759 1022 833 recitando,
1048 776 1143 842 saepe
1158 777 1230 820 cum
1244 758 1360 844 scripto
1377 757 1493 824 iactum

161 853 332 917 adversarii
364 849 562 934 confligendo
594 857 688 934 atque
717 848 874 916 interdurn
902 852 1017 916 acriter
1038 854 1078 916 ad
1099 852 1237 915 iudicem
1258 853 1361 937 ipsum
1383 875 1494 919 rever·

159 948 267 1011 tendo.
311 946 383 1022 Quo
404 946 437 1009 in
458 944 530 1007 loco
554 944 651 1008 iudici
672 942 950 1009 demonstrandum
973 952 1036 1021 est,
1072 947 1146 1030 quid
1177 945 1297 1011 iuratus
1326 946 1381 1021 sit,
1415 950 1492 1034 quid

161 1041 251 1125 sequi
274 1037 404 1104 debeat:
439 1039 562 1102 duabus
584 1039 624 1101 de
647 1039 749 1102 causis
770 1036 907 1101 iudicem
930 1036 1074 1103 dubitare
1097 1046 1266 1125 oportere,
1290 1039 1316 1105 si
1338 1049 1393 1105 aut
1414 1043 1493 1106 scri-

161 1141 250 1220 ptum
282 1134 323 1197 sit
353 1134 488 1197 obscure
516 1139 571 1195 aut
596 1139 691 1216 neget
719 1131 838 1217 aliquid
872 1130 1090 1210 adversarius3
1129 1135 1239 1200 XLIV.
1265 1136 1335 1200 127.
1366 1156 1438 1198 cum
1460 1144 1493 1199 ct

124 1229 311 1312 waeriptum
333 1233 440 1312 aperte
462 1226 503 1289 sit
524 1234 556 1304 et
577 1224 775 1290 adversarius
797 1227 903 1290 omnia
931 1224 1132 1302 confiteatur,
1166 1234 1232 1294 ιιιιιι
1261 1227 1399 1294 iudicem
1427 1230 1492 1314 legi

160 1340 288 1409 parere,
321 1340 386 1385 non
415 1319 617 1404 interpretari
649 1319 752 1404 legem
778 1327 937 1404 oportere.
980 1323 1049 1385 lloc
1078 1321 1150 1387 loco
1179 1319 1387 1399 confirmato,
1423 1331 1490 1388 tum

160 1417 280 1481 diluere
302 1435 354 1488 ea,
379 1433 460 1502 quae
480 1422 587 1477 contra
614 1410 676 1478 dici
703 1422 867 1499 poterunt,
891 1413 1060 1499 oportebit.
1104 1418 1218 1482 Contra
1232 1424 1337 1481 autem
1353 1418 1487 1493 dicetur,

160 1512 187 1577 si
208 1519 263 1582 aut
283 1529 412 1596 prorsus
433 1506 519 1572 aliud
540 1509 675 1572 sensisse
697 1510 836 1594 scriptor
856 1517 888 1573 et
910 1511 1072 1592 scripsisse
1095 1509 1180 1574 aliud
1202 1513 1489 1577 demonstrabitur:

159 1613 195 1671 ut
214 1606 247 1670 in
268 1604 323 1669 illa
344 1606 384 1667 de
406 1610 609 1678 testamento,
633 1621 727 1687 quam
741 1603 919 1688 posuimus,
943 1603 1170 1679 controversia,
1193 1612 1246 1668 aut
1260 1625 1354 1671 causa
1370 1627 1491 1670 assum-

121 1699 247 1784 ¹⁵ptira
268 1696 436 1769 inseretur,
459 1698 667 1781 quamobrem
688 1697 805 1781 scripto
826 1717 890 1761 non
911 1697 1052 1780 potuerit
1072 1706 1127 1762 aut
1148 1718 1212 1763 non
1234 1700 1411 1786 oportuerit
1433 1703 1491 1766 ob·

158 1793 340 1877 temperari.
388 1793 459 1854 128.
485 1790 517 1854 Si
539 1789 623 1854 aliud
645 1788 780 1855 sensisse
802 1792 955 1877 scriptor,
988 1790 1072 1855 aliud
1094 1792 1259 1878 scripsisse
1282 1792 1421 1872 dicetur,
1443 1796 1487 1871 is,

159 1885 213 1976 qui
245 1888 361 1972 scripto
394 1892 520 1959 utetur,
554 1886 631 1948 baec
663 1885 762 1949 dicet:
801 1904 866 1949 non
899 1893 1049 1968 oportere
1077 1888 1117 1951 de
1147 1888 1214 1952 eius
1240 1888 1401 1954 voluntate
1431 1910 1489 1955 nos

158 1981 388 2066 mmentari,
411 1980 482 2066 qui,
504 1999 545 2042 ne
567 1979 598 2041 id
618 1976 721 2042 iacere
736 1998 917 2062 possemus,
939 1978 1090 2044 indicium
1104 1981 1197 2045 nobis
1224 2001 1300 2047 suae
1325 1983 1489 2070 reliquerit

157 2074 341 2154 voluntatis3
366 2073 463 2138 multa
476 2071 677 2137 incommoda
689 2075 856 2159 consequi,
879 2075 905 2138 si
927 2076 1122 2149 instituatur,
1144 2085 1179 2141 ut
1199 2074 1239 2141 ab
1265 2077 1381 2165 scripto
1403 2099 1490 2144 rece-

120 2173 260 2236 aedatur.
302 2172 381 2233 Nam
410 2175 443 2232 et
469 2187 542 2242 eos,
577 2171 630 2253 qui
658 2167 775 2253 aliquid
804 2168 957 2244 scribant,
984 2189 1047 2234 non
1068 2169 1301 2259 existimaturos
1324 2173 1378 2249 id,
1403 2177 1489 2259 quod

159 2264 360 2352 scripserint,
383 2270 487 2327 ratum
508 2259 665 2338 iuturum3
689 2271 721 2327 et
736 2281 810 2337 eos,
834 2261 888 2348 qui
904 2261 1060 2340 iudicent,
1085 2272 1223 2341 eertum,
1248 2271 1334 2350 quod
1349 2287 1485 2352 sequan-

158 2368 226 2437 tur,
250 2358 326 2424 nibil
347 2359 529 2432 habituros,
553 2353 582 2421 si
603 2354 702 2420 semel
724 2359 763 2421 ab
784 2356 901 2442 scripto
916 2360 1070 2423 recedere
1085 2361 1318 2424 consueuerint.
1364 2361 1488 2438 Quodsi

158 2455 305 2520 voluntas
333 2451 496 2537 scriptoris
524 2454 739 2515 conservanda
768 2453 826 2527 sit,
864 2471 916 2528 se,
950 2472 1014 2517 non
1035 2454 1249 2531 adversarios,
1285 2457 1486 2520 avoluntate

158 2547 228 2614 eius
249 2557 342 2613 stare.
387 2550 466 2611 Nam
488 2547 588 2610 multo
609 2546 739 2631 propius
760 2543 909 2610 accedere
937 2551 977 2612 ad
999 2547 1161 2633 scriptoris
1183 2548 1374 2616 voluntatem
1396 2572 1486 2625 eum,

122 2644 212 2730 eaqari
245 2664 286 2708 ex
313 2640 413 2725 ipsius
441 2661 511 2706 eam
538 2638 649 2704 litteris
678 2641 918 2727 interpretetur,
956 2663 1050 2728 quam
1078 2641 1184 2720 illum,
1221 2645 1274 2728 qui
1302 2648 1487 2710 sententiam

159 2735 322 2819 scriptoris
344 2756 408 2801 non
430 2733 588 2817 exipsius
611 2735 729 2820 scripto
750 2744 888 2822 spectet,
927 2739 1011 2823 quod
1033 2735 1087 2801 ille
1109 2757 1184 2801 suae
1205 2736 1375 2813 uoluntatis
1397 2738 1487 2825 quasi

156 2832 327 2915 imaginem
348 2832 525 2916 reliquerit,
548 2833 605 2894 sed
620 2831 801 2894 domesticis
817 2827 1049 2915 suspicionibus
1064 2838 1286 2916 perscrutetur.
1333 2835 1406 2897 129.
1431 2831 1486 2898 Sin

157 2944 283 2991 eausam
305 2922 481 3001 alienatis,
506 2923 560 3009 qui
582 2944 600 2988 a
622 2925 774 2989 sententia
797 2926 908 3000 stabit,
932 2925 1068 3007 primum
1090 2922 1151 2988 erit
1172 2933 1282 2990 contra
1303 2924 1484 2991 dicendum:

157 3029 251 3106 quam
273 3020 443 3084 absurdum
464 3038 529 3083 non
550 3037 667 3101 negare
689 3027 799 3084 contra
821 3021 924 3103 legem
946 3017 1077 3094 iecisse,
1115 3022 1188 3096 sed,
1228 3040 1325 3106 quare
1356 3019 1483 3096 lecerit,

119 3129 282 3179 ”causam
304 3111 442 3198 aliquam
463 3113 623 3189 invenire;
648 3115 779 3188 deinde,
802 3133 955 3179 conversa
977 3132 1046 3178 esse
1062 3113 1182 3193 omnia;
1206 3124 1276 3179 ante
1291 3115 1400 3180 solitos
1416 3135 1485 3181 esse

156 3216 353 3273 accusatores
373 3203 530 3272 iudicibus
550 3209 744 3293 persuadere
766 3203 890 3272 affinem
913 3227 982 3273 esse
1003 3205 1135 3272 alicuius
1158 3210 1269 3291 eulpae
1298 3230 1388 3285 eum,
1425 3208 1481 3296 qui

156 3309 370 3381 accusaretur;
392 3321 516 3365 causam
537 3302 697 3386 proferre,
721 3323 802 3388 quae
824 3324 896 3366 eum
919 3305 958 3366 ad
974 3305 1168 3384 peccandum
1183 3303 1376 3389 impulisset;
1398 3325 1483 3369 nunc

154 3392 259 3478 ipsum
281 3415 371 3459 reum
392 3416 518 3461 causam
538 3393 669 3471 inferre,
705 3417 803 3482 quare
825 3394 1004 3482 deliquerit.
1051 3399 1123 3461 130.
1146 3395 1269 3462 Deinde
1291 3400 1371 3462 hanc
1392 3399 1486 3462 indu·

157 3509 231 3555 cere
251 3489 468 3572 partitionem,
507 3492 595 3557 cuius
624 3493 657 3555 in
684 3494 823 3577 singulas
844 3499 948 3578 partes
970 3491 1085 3556 multae
1106 3494 1295 3557 convenient
1317 3511 1485 3577 argumen-

119 3600 148 3645 tt
156 3587 307 3651 tationes:
343 3584 494 3672 primum,
527 3585 612 3651 nulla
638 3586 671 3651 iu
699 3588 770 3672 lege
800 3588 897 3651 ullam
925 3603 1049 3649 causam
1079 3593 1190 3650 contra
1211 3589 1362 3672 seriptum
1384 3586 1482 3672 accipi

157 3681 340 3758 convenire3
370 3677 500 3756 deinde,
534 3685 560 3747 si
581 3684 615 3745 in
636 3683 749 3746 ceteris
770 3679 892 3764 legibus
915 3677 1097 3755 conveniat,
1132 3680 1214 3744 banc
1236 3700 1305 3745 esse
1328 3678 1482 3746 eiusmodi

154 3773 276 3860 legem,
299 3772 388 3840 utin
410 3794 532 3840 canon
556 3784 714 3860 oporteat;
753 3783 930 3862 postremo,
961 3774 1040 3837 siin
1063 3771 1121 3837 hac
1143 3794 1271 3860 quoque
1292 3773 1363 3858 lege
1386 3793 1482 3860 opor

156 3876 236 3945 teat,
267 3872 350 3934 banc
378 3866 505 3954 quidem
533 3891 658 3936 causam
680 3871 780 3952 accipi
801 3867 929 3934 minime
952 3876 1115 3953 oportere.
1160 3871 1256 3936 xlv.
1280 3869 1385 3934 Prima
1407 3888 1481 3951 pars

155 3964 206 4029 bie
234 3960 302 4028 fere
333 3961 411 4027 loeis
438 3963 691 4029 confirmabitur:
726 3964 872 4048 scriptori
901 3981 1003 4047 neque
1031 3962 1193 4046 ingenium
1218 3982 1322 4048 neque
1351 3980 1481 4048 operam

118 4073 259 4145 uaeque
281 4055 377 4123 ullam
397 4058 577 4123 facultatem
598 4056 751 4135 deiuisse,
776 4077 839 4144 quo
862 4057 964 4121 minus
986 4065 1093 4141 aperte
1107 4063 1215 4142 posset
1227 4056 1424 4142 perscribere
1438 4053 1480 4129 id,

156 4148 245 4240 quod
265 4152 431 4236 cogitaret3
466 4172 531 4217 non
553 4150 647 4217 luisse
669 4151 700 4217 ei
721 4172 816 4238 grave
838 4171 895 4215 nec
918 4147 1046 4214 difficile
1068 4171 1138 4216 eam
1160 4170 1286 4216 causam
1307 4149 1478 4236 excipere,

156 4264 251 4334 quam
272 4244 445 4312 adversarii
465 4243 644 4329 proferant,
666 4246 692 4311 si
708 4248 878 4332 quidquam
892 4241 1113 4330 excipiendum
1129 4254 1286 4331 putasset;
1311 4264 1480 4310 consuesse

155 4360 228 4420 eos,
252 4342 306 4428 qui
327 4340 413 4426 leges
434 4337 590 4417 scribant,
615 4339 854 4428 exceptionibus
868 4339 925 4402 uti.
973 4341 1044 4403 131.
1068 4339 1190 4407 Deinde
1204 4349 1330 4424 oportet
1344 4340 1477 4405 recitare

225 4522 253 4572 3.
272 4520 344 4585 quod
362 4520 437 4583 liat,
466 4530 497 4572 ιιι
516 4523 585 4573 eont-
604 4521 643 4572 La
671 4535 723 4588 qao
750 4521 771 4572 lt
801 4532 860 4571 eum
878 4516 970 4570 elur
997 4522 1147 4582 ceterisque
1172 4520 1246 4571 llbrle
1265 4523 1343 4573 nolle·
1372 4547 1402 4560 -
1434 4519 1478 4570 13.

154 4596 281 4654 pumat
297 4590 410 4644 Pauus
435 4599 560 4655 potuum
578 4593 609 4644 lt.
631 4618 660 4630 -
681 4592 725 4642 14.
745 4597 793 4641 out
811 4592 835 4641 ai
853 4605 936 4641 cuuto
955 4589 987 4640 V.
1022 4612 1050 4624 -
1084 4591 1128 4641 17.
1158 4591 1223 4641 boec
1249 4591 1337 4651 ΡΑΤ,
1362 4592 1401 4643 La
1432 4591 1481 4640 boe

157 4660 214 4714 RB.
233 4688 266 4698 -
285 4663 328 4713 18.
347 4677 411 4714 saue
427 4664 563 4731 reliquerit
582 4665 647 4715 ΑΤι
667 4663 800 4727 reliquerit
818 4675 882 4712 eane
899 4661 978 4712 Pau.
1000 4687 1029 4699 -
1050 4662 1094 4713 13.
1113 4661 1147 4713 ab
1165 4662 1227 4712 ΑΤι
1246 4662 1295 4712 aba
1312 4662 1348 4725 Ρ,
1367 4677 1386 4713 ιι
1404 4662 1479 4714 li.-

156 4729 202 4781 33.
220 4731 255 4781 ob
272 4731 353 4783 ΡΑΤι
382 4734 473 4786 allii·
506 4760 536 4773 -
565 4733 608 4786 30.
641 4747 693 4786 esee
711 4735 799 4784 omnia
817 4731 925 4783 Pallia
959 4732 1048 4782 omnio
1065 4745 1118 4782 esee
1135 4732 1166 4782 ll.
1186 4758 1221 4768 -
1247 4731 1291 4782 33.
1318 4734 1417 4798 inferre
1434 4732 1478 4793 R,

157 4799 248 4852 Bahal.
267 4801 344 4852 Voss.
363 4804 385 4853 l.
405 4805 481 4855 beld.
500 4806 564 4856 lll.:
584 4803 679 4871 efferre
696 4804 797 4855 ratu.
819 4827 850 4840 -
870 4803 913 4854 33.
933 4801 1064 4854 eiusmodi
1080 4801 1120 4863 P,
1139 4802 1229 4854 schol.
1249 4802 1324 4853 Voss.
1345 4804 1381 4852 ll.
1401 4803 1477 4855 Leld.

156 4869 208 4927 111.
228 4870 300 4936 arc,
319 4872 356 4924 L:
376 4875 522 4928 huiuamodi
539 4877 617 4929 ΑΤΕ.
640 4902 670 4915 -
689 4877 734 4928 ιιι.
753 4883 844 4940 operte
860 4879 947 4938 posset
965 4872 1076 4934 PART.
1094 4871 1132 4924 La
1150 4877 1240 4939 ροιιοι
1257 4880 1348 4937 operte
1365 4875 1396 4928 li.
