3232 5392
566 210 642 274 ΠΒ.
666 209 707 273 11.
753 205 790 272 C.
813 208 866 273 84.
890 207 943 273 85.
967 207 1020 273 86.
1390 209 1452 278 889
1552 269 1562 288 ,

126 369 246 453 pientia
267 376 298 432 et
319 367 499 453 magnitudo
521 370 634 443 animi,
671 389 732 454 qua
754 387 864 432 omues
884 387 937 433 res
957 365 1112 433 humanae
1133 371 1244 432 tenues
1265 388 1302 432 ac
1323 387 1382 454 pro
1405 372 1453 434 ni-

126 465 192 528 hilo
213 471 378 549 putantum
403 472 434 527 et
456 463 488 528 in
511 465 718 547 excogitando
742 466 788 526 vis
811 465 965 546 quaedam
987 461 1105 546 ingenii
1127 469 1159 527 et
1179 462 1248 548 ipsa
1270 464 1453 548 eloquentia

127 556 342 622 admirationis
373 555 467 621 babet
496 579 560 622 non
589 556 708 637 minus;
743 554 942 621 iucunditatis
969 556 1089 623 minus:
1128 558 1215 640 ipsos
1242 559 1326 622 enim
1354 560 1453 642 magis

127 651 266 727 videtur,
289 672 369 737 quos
392 649 571 727 laudamus,
603 671 696 735 quam
724 650 812 723 illos,
852 648 935 735 apud
963 670 1043 734 quos
1067 649 1245 727 laudamus,
1282 670 1396 717 ornare
1418 672 1454 715 ae

127 750 219 813 tueri.
263 748 324 811 Sed
347 753 450 809 tamen
472 748 503 809 in
520 744 675 811 laudando
690 746 849 829 iungenda
866 751 938 808 suut
958 746 1050 808 etiam
1065 748 1143 811 baec
1158 764 1275 831 genera
1288 748 1478 811 virtutums

127 841 245 903 Ferunt
267 840 349 902 euim
366 861 459 905 aures
474 843 654 915 bominum.
676 861 747 905 cum
761 839 833 915 illa,
857 857 937 923 quae
952 838 1089 913 iucunda
1104 846 1136 903 et
1150 848 1256 923 grata,
1279 848 1346 905 tum
1361 843 1454 904 etiam
1551 887 1556 893 .

128 932 198 1008 illa,
222 953 302 1016 quae
326 933 480 999 mirabilia
502 943 575 1000 sunt
596 935 629 999 in
644 937 778 1009 virtute,
800 930 932 998 laudari.
977 933 1131 1002 LXXXV.
1153 938 1227 999 345.
1252 937 1293 1000 Et
1307 934 1456 1021 quoniam

128 1025 320 1110 singularum
344 1027 494 1094 virtutum
516 1037 589 1094 sunt
611 1039 697 1094 certa
719 1030 871 1114 quaedam
894 1024 998 1090 officia
1020 1046 1057 1090 ac
1080 1048 1209 1094 munera
1225 1037 1257 1094 et
1271 1049 1326 1094 sua
1341 1031 1456 1114 cuique

128 1120 235 1186 virtuti
258 1121 325 1186 laus
346 1123 476 1207 propria
497 1122 647 1196 debetur,
684 1123 745 1188 erit
771 1117 991 1206 explicandum
1020 1121 1052 1184 iu
1074 1119 1166 1187 laude
1188 1123 1345 1200 iustitiae,
1381 1120 1457 1207 quid

129 1235 200 1280 cum
222 1213 301 1289 fide,
325 1215 401 1302 quid
423 1236 492 1281 cum
516 1215 754 1304 aequabilitate,
785 1215 860 1300 quid
883 1233 955 1278 eum
977 1213 1132 1280 eiusmodi
1154 1216 1260 1299 aliquo
1283 1216 1387 1283 officio
1410 1221 1494 1293 is,¹⁰

129 1308 184 1396 qui
206 1308 397 1385 laudabitur,
423 1311 564 1394 gesserit.
609 1314 748 1396 ltemqne
770 1311 803 1372 in
826 1307 1014 1374 celeriores
1037 1316 1143 1392 gestae
1165 1308 1205 1374 ad
1228 1311 1379 1397 cuiusque
1393 1313 1457 1375 vir-

128 1406 202 1467 tutis
224 1424 322 1487 genus
343 1413 374 1468 et
396 1404 459 1469 vim
481 1415 512 1470 et
533 1427 649 1470 nomeu
673 1400 1003 1471 accommodabuntur.
1049 1404 1122 1467 340.
1149 1404 1332 1472 Gratissima
1354 1415 1457 1472 autem

129 1498 198 1561 laus
227 1518 337 1562 comm
367 1496 522 1563 laetorum
551 1499 703 1578 babetur,
741 1517 822 1586 quae
851 1505 994 1582 suscepta
1015 1496 1164 1561 videntur
1185 1518 1202 1561 a
1224 1497 1300 1565 viris
1322 1500 1457 1566 sortibus

129 1592 197 1657 sine
219 1591 430 1657 emolumento
454 1614 490 1657 ae
512 1594 675 1676 praemio;
709 1616 790 1681 quae
817 1612 894 1658 vero
918 1589 1014 1656 etiam
1035 1611 1107 1655 cum
1129 1588 1238 1657 labore
1261 1602 1293 1657 et
1314 1595 1456 1680 periculo

129 1690 283 1772 ipsorum,
317 1684 394 1750 baec
422 1684 540 1752 babent
568 1686 760 1753 uberrimam
781 1689 905 1769 copiam
927 1686 966 1749 ad
989 1686 1200 1762 laudandum,
1234 1691 1319 1773 quod
1342 1696 1374 1753 et
1395 1687 1494 1754 dicits

129 1779 327 1846 ornatissime
360 1790 491 1863 possunt
520 1789 553 1846 et
579 1782 679 1847 audiri
712 1781 871 1847 facillime.
913 1781 959 1843 Ea
988 1778 1072 1842 euim
1103 1779 1238 1865 denique
1266 1781 1365 1846 virtus
1387 1803 1457 1847 esse

129 1874 251 1938 videtur
273 1876 458 1959 praestantis
481 1875 560 1952 viri,
596 1897 677 1961 quae
699 1885 746 1941 est
766 1877 928 1940 fructuosa
950 1871 1039 1948 aliis,
1067 1873 1127 1958 ipsi
1149 1881 1254 1939 autem
1276 1874 1455 1952 laboriosa,

130 1977 183 2033 aut
211 1968 387 2054 periculosa
416 1979 469 2034 aut
497 1979 582 2034 certe
604 1973 750 2054 gratuita.
795 1973 909 2051 blagna
931 1965 1025 2031 etiam
1048 1967 1103 2031 illa
1124 1965 1192 2033 laus
1213 1977 1245 2033 et
1266 1967 1458 2034 admirabilis

130 2061 231 2127 videri
254 2064 334 2127 solet
355 2063 461 2129 tulisse
483 2084 573 2128 casus
596 2065 755 2150 sapienter
777 2062 946 2138 adversos,
977 2080 1040 2127 uon
1062 2060 1197 2127 fractum
1221 2085 1289 2129 esse
1312 2062 1455 2141 fortuna,

130 2157 295 2224 retinuisse
314 2160 346 2221 in
360 2161 453 2222 rebus
470 2160 588 2244 asperis
604 2159 798 2244 dignitatem.
843 2160 918 2221 347.
942 2159 1051 2240 Neque
1067 2163 1173 2222 tamen
1187 2157 1242 2224 illa
1257 2179 1321 2224 non
1336 2166 1456 2233 ornant,
1467 2173 1496 2214 το

131 2254 228 2318 babiti
250 2257 406 2327 honores,
440 2255 567 2318 decreta
588 2253 712 2318 virtutis
742 2251 902 2340 praemia,
931 2270 983 2315 res
1013 2258 1120 2334 gestae
1148 2251 1272 2318 iudiciis
1294 2252 1458 2318 homiuum

131 2349 366 2433 comprobatam
401 2347 433 2410 in
462 2348 577 2432 quibus
610 2349 702 2412 ctiam
733 2346 913 2412 felicitatem
943 2346 1045 2427 ipsam
1075 2349 1209 2411 deorum
1230 2345 1458 2413 immortalium

131 2441 248 2507 iudicio
271 2441 365 2505 tribui
388 2440 576 2506 laudationis
599 2450 656 2505 est.
703 2442 881 2505 Sumendae
909 2446 1016 2504 autem
1042 2458 1093 2503 res
1115 2448 1207 2505 emat
1227 2449 1282 2508 aut
1302 2440 1459 2527 magnitu-

132 2535 204 2599 dine
224 2532 429 2618 praestabiles
450 2541 504 2597 aut
525 2535 663 2599 novitate
685 2537 808 2619 primae
829 2539 882 2597 aut
901 2552 1016 2617 genere
1029 2535 1100 2617 ipso
1115 2532 1302 2620 singulares.
1346 2539 1456 2620 Neque

132 2630 215 2694 euim
236 2648 351 2713 parvae
373 2648 475 2714 neque
497 2627 628 2693 usitatae
650 2647 755 2712 neque
769 2629 915 2710 vulgares
930 2625 1138 2693 admiratione
1152 2636 1206 2693 aut
1221 2633 1350 2695 omniuo
1365 2628 1494 2695 lauden

132 2722 245 2807 dignae
265 2722 364 2788 videri
387 2723 499 2787 solent.
543 2724 615 2786 348.
638 2724 694 2786 Est
715 2721 809 2788 etiam
822 2740 893 2785 cum
908 2723 1020 2786 ceteris
1036 2721 1267 2805 praestantibus
1281 2725 1357 2787 viris
1371 2743 1458 2787 com-

131 2817 253 2903 paratio
272 2816 304 2881 iu
326 2816 506 2882 laudatione
527 2816 699 2902 praeclara.
743 2820 790 2880 De
813 2837 876 2902 quo
899 2837 1016 2900 genere
1037 2813 1161 2882 libitum
1183 2824 1231 2882 est
1253 2814 1329 2880 mibi
1348 2814 1457 2900 paullo

133 2913 240 2996 plura,
264 2931 358 2995 quam
381 2914 596 2986 ostenderam,
619 2915 741 2987 dicere,
765 2930 831 2976 uon
852 2919 915 2975 tam
936 2918 1069 2994 propter
1088 2932 1182 2977 usum
1202 2910 1379 2985 sorensem,
1402 2910 1458 2994 qui

133 3013 181 3070 est
194 3025 212 3070 a
227 3026 277 3069 me
298 3004 332 3068 in
354 3005 440 3070 omni
460 3007 522 3070 boc
543 3024 688 3070 sermone
710 3013 878 3081 tractatus,
903 3025 997 3090 quam
1019 3014 1055 3072 ut
1075 3009 1137 3071 hoo
1159 3003 1325 3080 videretis,
1348 3006 1376 3070 si
1390 3003 1458 3069 lau-

133 3099 274 3164 dationes
296 3107 399 3165 essent
420 3097 453 3163 in
474 3093 607 3165 oratoris
629 3098 750 3176 officio,
785 3098 871 3186 quod
892 3119 986 3165 nemo
1013 3108 1120 3184 negat,
1157 3099 1275 3168 oratori
1306 3098 1457 3163 virtutum
1467 3121 1496 3164 so

133 3194 272 3260 omnium
294 3192 523 3278 cognitionem,
549 3195 618 3258 sine
641 3216 702 3280 qua
723 3193 862 3259 laudatio
885 3192 966 3258 ellici
987 3215 1052 3259 nou
1072 3193 1192 3278 possit,
1222 3213 1292 3259 esse
1313 3213 1458 3258 necessa-

134 3289 224 3354 riam.
269 3292 341 3354 349.
366 3291 431 3353 Iam
452 3287 651 3374 vituperandi
672 3297 840 3375 praecepta
862 3288 1025 3354 contrariis
1047 3311 1087 3354 ex
1108 3291 1193 3354 vitiis
1214 3290 1365 3355 sumenda
1387 3307 1457 3352 esse

134 3386 333 3470 perspicuum
356 3391 415 3447 est.
461 3380 559 3446 Simul
581 3389 628 3445 est
648 3380 726 3447 illud
747 3392 819 3448 ante
842 3382 967 3458 oculos,
989 3404 1048 3448 nec
1070 3381 1190 3449 bonum
1204 3385 1306 3448 virum
1324 3380 1458 3469 proprie

134 3476 314 3564 etcopiose
335 3475 454 3542 laudari
478 3475 544 3540 siue
566 3474 715 3540 virtutum
737 3497 794 3541 nec
815 3475 995 3563 improbum
1017 3481 1120 3543 notari
1141 3499 1179 3542 ae
1199 3476 1372 3560 vituperari
1387 3477 1457 3540 sine

133 3570 282 3636 vitiorum
313 3570 492 3655 cognitione
521 3569 596 3635 satis
617 3569 762 3655 insignite
783 3579 876 3658 atque
899 3592 1012 3658 aspere
1034 3591 1139 3657 posse.
1184 3574 1285 3656 Atque
1307 3573 1357 3635 bis
1378 3569 1495 3635 loeisas

135 3674 167 3730 et
195 3664 341 3731 laudandi
371 3673 403 3731 et
427 3664 624 3749 vituperandi
657 3685 750 3753 saepe
783 3665 875 3732 uobis
908 3676 955 3731 est
984 3669 1135 3732 utendum
1166 3665 1314 3732 inomni
1341 3685 1457 3751 genere

135 3780 311 3830 causarum.

219 3856 290 3920 350.
327 3855 477 3930 Habetis,
511 3851 551 3920 de
578 3853 774 3920 inveniendis
804 3852 899 3921 rebus
927 3853 1192 3940 disponendisque
1213 3856 1290 3940 quid
1312 3852 1455 3920 sentiam.

135 3946 311 4032 Adiungam
333 3948 427 4013 etiam
449 3953 489 4013 de
511 3951 678 4023 memoria,
712 3958 747 4013 ut
766 3949 876 4016 labore
899 3952 1046 4016 Crassum
1068 3952 1169 4015 levem
1191 3970 1294 4036 neque
1315 3948 1350 4013 ei.
1368 3947 1459 4033 quid-

136 4063 230 4126 quam
252 4042 353 4118 aliud,
376 4046 417 4108 de
439 4065 502 4129 quo
524 4044 675 4121 disserat,
697 4043 875 4131 relinquam
897 4044 957 4109 nisi
978 4065 1038 4120 ea,
1067 4043 1182 4132 quibus
1201 4047 1279 4109 baec
1301 4053 1499 4108 erorum-so

136 4144 197 4203 tur.
242 4140 413 4203 LXXXVI.
436 4141 535 4224 Perge
549 4158 645 4215 vero,
667 4141 769 4225 inquit
792 4141 932 4205 Crassus.
969 4137 1117 4204 Libenter
1138 4136 1222 4204 enim
1243 4146 1275 4203 te
1296 4135 1458 4220 cognitum

206 4380 535 4444 apponerentante.
557 4405 586 4418 -
617 4395 649 4431 oc
666 4380 687 4429 B
704 4379 820 4441 alttque:
849 4382 874 4428 st
891 4375 958 4443 (tt)
985 4378 1039 4430 llll.
1070 4403 1099 4416 -
1124 4373 1186 4442 pro]
1212 4387 1295 4440 propo
1313 4374 1345 4423 B.
1369 4397 1403 4409 -
1430 4369 1458 4422 4.

135 4449 260 4501 oldentor
279 4451 356 4503 Voss.
374 4451 420 4501 AB
439 4457 467 4503 et
484 4464 524 4514 pr.
545 4451 619 4502 Letd.
641 4451 716 4514 prob.
736 4450 840 4509 Balto,
869 4450 991 4499 otdemur
1010 4449 1073 4513 Lag.
1093 4448 1119 4499 3.
1138 4448 1166 4498 4.
1192 4459 1272 4499 «aruc
1291 4457 1343 4495 uon
1362 4443 1460 4494 male.»

137 4521 281 4572 unarum.
304 4549 332 4560 -
353 4535 433 4585 quum
450 4547 461 4560 ·
479 4549 489 4559 ·
508 4523 647 4574 modernus
664 4536 716 4572 om.
735 4521 790 4571 ΑΒ.
811 4545 843 4556 -
863 4521 890 4570 5.
908 4521 938 4570 tn
956 4533 1009 4572 om.
1030 4520 1111 4570 ΑΒΗ.
1132 4544 1160 4555 -
1184 4518 1228 4567 11.
1248 4517 1356 4581 pmrrtt
1374 4512 1460 4565 codd.

137 4591 189 4643 al:
217 4594 283 4658 perit
308 4592 372 4648 AB.
399 4595 490 4658 secem
513 4593 568 4642 llll.
589 4619 620 4630 -
648 4594 684 4644 od
701 4587 836 4654 ratusque]
857 4591 948 4654 utiquo
977 4604 1059 4654 usquo
1082 4591 1122 4644 lt,
1152 4587 1188 4637 od
1206 4591 1283 4639 cutus
1301 4587 1334 4635 ll.
1354 4609 1389 4620 -
1416 4584 1460 4633 14.

137 4659 173 4726 st]
194 4678 226 4714 oc
245 4665 274 4712 a.
295 4689 327 4701 -
347 4665 390 4713 17.
409 4660 506 4726 autem]
528 4667 576 4712 out
592 4663 624 4714 Β.
646 4687 675 4699 -
696 4662 739 4712 10.
758 4658 899 4725 semema]
917 4663 1052 4724 pattenter
1070 4659 1223 4711 Lambtuus.
1242 4683 1275 4695 -
1303 4657 1348 4706 21.
1366 4654 1462 4704 otrtutt

137 4733 200 4798 Lag.
220 4735 263 4784 20.
284 4734 375 4784 bamb.
396 4759 429 4769 -
448 4735 492 4784 26.
511 4734 613 4783 otrtbur
631 4733 811 4796 comprobatio
824 4731 879 4782 ab.
901 4755 932 4770 -·
951 4732 995 4782 27.
1014 4732 1078 4782 mtlt
1095 4737 1133 4782 ort
1145 4729 1202 4779 alt.
1217 4752 1248 4764 -
1267 4726 1313 4778 88.
1333 4731 1389 4775 tam
1407 4736 1460 4776 om.

137 4804 169 4853 B.
190 4826 222 4840 -
246 4804 290 4854 30.
310 4802 390 4870 quod]
410 4818 490 4868 quom
502 4804 534 4854 B.
556 4829 587 4840 -
607 4803 650 4854 35.
670 4805 809 4868 insigniter
826 4802 860 4853 ll.
880 4826 912 4841 -
931 4803 965 4855 to
983 4803 1014 4855 ll.
1033 4825 1065 4840 -
1085 4799 1129 4853 38.
1150 4798 1366 4862 invonlcndt‘rqttt
1382 4795 1414 4846 8.
1429 4817 1462 4835 -·

138 4875 182 4926 40.
201 4875 231 4924 ot
242 4875 274 4924 Α.
296 4902 324 4913 -
346 4876 438 4943 quibos
455 4875 533 4929 redas
544 4876 578 4928 lt·
596 4899 628 4912 -
647 4875 812 4928 adornentur
827 4872 862 4927 ll.

196 4983 268 5026 cam
281 4981 335 5031 nt
1088 4976 1128 5049 19
1211 5062 1212 5065 Ἴ
