3232 5392
83 276 86 281 .
168 218 232 282 272
694 216 748 283 bu
771 216 958 283 ORATORE

167 377 280 444 LXIII.
310 379 384 443 255.
418 377 507 454 Quae
534 393 651 458 genera
670 394 853 458 percurram
876 377 1035 464 equidem.
1080 375 1144 443 Sed
1164 379 1249 445 scitis
1271 397 1341 444 esse
1366 378 1491 445 notissi-

168 491 254 536 mum
268 468 394 536 ridiculi
409 490 525 556 genus,
549 488 620 534 cum
635 467 720 534 aliud
733 481 965 557 exspectamus,
988 469 1073 536 aliud
1087 471 1212 538 dicitur.
1257 471 1318 537 llic
1332 474 1491 540 nobismet

167 565 245 648 ipsis
266 574 374 631 noster
395 585 485 630 error
506 565 603 630 risum
625 573 741 631 movet.
786 566 909 642 Quodsi
928 565 1103 631 admixtum
1126 574 1174 633 est
1187 565 1279 632 ctiam
1293 566 1488 652 ambiguum,

167 657 202 723 lit
223 661 352 739 salsius3
386 667 421 724 ut
441 660 524 745 apud
545 656 683 724 Novium
704 658 829 725 videtur
851 681 920 727 esse
941 659 1121 726 misericors
1142 660 1212 737 illc,
1244 659 1300 747 qui
1320 659 1490 729 iudicatum

145 751 241 820 educi
262 753 394 831 videns,
429 758 632 840 percontatur
652 752 714 829 ita,
745 755 890 830 Quanti
911 752 1119 821 addictus?
1152 755 1260 820 blille
1282 760 1488 824 nummdm.

167 847 202 912 Si
233 846 404 914 addidisset
436 845 674 925 tantummodo,
707 851 835 913 Ducas
868 849 980 926 licet;
1019 856 1103 914 essct
1132 848 1208 915 illud
1236 871 1335 935 genus
1364 851 1489 918 ridiculi

159 950 293 1031 ,practer
313 946 597 1026 exspectationem
621 939 678 1008 sed
699 941 772 1026 quie
786 943 921 1019 addidit,
944 940 1055 1008 Nihil
1077 942 1201 1022 addo,
1225 947 1350 1012 ducas
1370 945 1487 1012 licet:

166 1040 271 1105 addito
295 1035 461 1123 ambiguo,
495 1037 593 1113 altero
616 1057 732 1121 genere
752 1036 895 1113 ridiculi,
928 1035 1005 1114 luit,
1036 1045 1072 1103 ut
1099 1040 1176 1103 mibi
1199 1041 1328 1125 quidem
1350 1043 1487 1119 videtur,

165 1135 364 1201 salsissimus.
410 1135 480 1199 Hoc
501 1139 567 1196 tum
589 1138 637 1196 est
658 1129 930 1209 venustissimum,
965 1153 1036 1196 cum
1058 1133 1091 1197 in
1112 1131 1317 1202 altercatione
1338 1138 1490 1223 arripitur

128 1250 156 1291 aa
165 1232 205 1295 ab
233 1225 412 1294 adversario
441 1228 575 1292 verbum
609 1232 641 1291 et
667 1244 708 1291 ex
736 1245 794 1298 eo,
828 1233 864 1290 ut
892 1246 911 1291 a
942 1225 1050 1292 Catulo
1072 1225 1105 1292 in
1127 1227 1326 1314 Philippum,
1359 1231 1393 1295 in
1416 1251 1488 1298 eum

165 1326 269 1408 ipsum
290 1321 422 1407 abusud,
454 1320 508 1405 qui
528 1319 703 1393 lacessivit,
736 1319 897 1403 infligitur.
950 1322 1024 1384 256.
1054 1318 1117 1386 Sed
1138 1342 1209 1386 cum
1230 1321 1321 1408 plura
1341 1326 1405 1391 sint
1424 1346 1490 1392 am·

165 1416 252 1504 bigni
280 1437 410 1503 genera,
445 1418 484 1480 de
513 1416 628 1501 quibus
656 1422 705 1479 cst
732 1415 874 1480 doctrina
900 1415 1054 1499 quaedam
1075 1412 1238 1490 subtilior,
1272 1417 1436 1485 attendere
1456 1428 1490 1486 et

165 1515 313 1599 aucupari
334 1514 433 1580 verba
453 1506 630 1596 oportebit;
653 1506 687 1574 in
709 1528 791 1595 quo,
813 1517 850 1576 ut
870 1528 924 1583 ea,
949 1529 1029 1595 quae
1051 1507 1113 1577 sint
1133 1509 1317 1596 frigidiora,
1340 1512 1486 1592 vitemus,

164 1609 346 1674 -etenim
374 1606 548 1671 cavendum
575 1611 640 1680 est,
676 1622 717 1668 ne
738 1603 920 1668 arcessitum
943 1603 1059 1669 dictum
1088 1613 1216 1691 putetur
1237 1641 1295 1681 -,
1332 1607 1488 1690 permulta

127 1712 269 1769 astamen
301 1709 392 1768 acute
424 1698 574 1765 dicemus.
619 1695 759 1763 Alterum
781 1719 879 1782 genus
901 1704 964 1772 cst,
1000 1700 1087 1783 quod
1115 1701 1212 1764 habet
1239 1719 1368 1783 parvam
1398 1699 1488 1768 verbi

164 1796 436 1871 immutationem,
472 1795 557 1880 quod
586 1790 619 1857 in
647 1791 752 1857 littera
778 1794 915 1875 positum
938 1793 1048 1857 Gracci
1076 1801 1190 1859 vocant
1217 1807 1485 1882 παρονομασίαν,

164 1900 200 1957 ut
231 1892 504 1963 Nobiliorem,
542 1883 790 1951 mobiliorem
825 1889 921 1964 Cato;
958 1895 1026 1965 aut,
1059 1894 1097 1952 ut
1123 1886 1226 1965 idem,
1260 1908 1331 1955 cum
1362 1892 1487 1957 cuidam

165 1984 311 2063 dixisset,
349 1988 489 2050 Eamus
521 1979 827 2047 deambulatum:
865 1987 897 2045 et
927 1978 1000 2057 illc,
1037 1980 1139 2057 Quid
1168 2001 1269 2068 opus
1301 1982 1382 2049 luit
1414 1987 1485 2051 dcl

164 2081 281 2144 Immo
304 2098 416 2153 vero,
440 2074 558 2160 inquit,
581 2073 673 2159 quid
694 2094 791 2161 opus
811 2072 887 2140 fuit
908 2080 969 2140 tel
991 2083 1046 2140 aut
1066 2075 1208 2143 eiusdem
1229 2084 1395 2164 responsio
1416 2080 1481 2159 illa,

127 2173 204 2238 rosi
231 2181 272 2240 tu
300 2181 339 2239 ct
365 2175 555 2237 adversus
578 2177 797 2234 ctavcrsus
818 2168 1037 2254 impudicus
1059 2190 1110 2237 cs.
1153 2175 1226 2237 257.
1260 2173 1364 2240 Etiam
1385 2176 1485 2242 inter·

163 2270 296 2354 pretatio
311 2265 447 2334 nominis
461 2261 557 2330 habet
569 2283 718 2339 acumen,
739 2283 811 2329 cum
832 2266 872 2328 ad
891 2262 1057 2330 ridiculum
1072 2277 1252 2345 convertas,
1276 2267 1485 2354 quamobrem

163 2365 205 2428 ite
228 2363 298 2449 quis
319 2369 469 2439 vocetur;
492 2366 527 2424 ut
548 2378 608 2443 ego
630 2377 746 2443 nuper,
769 2358 950 2423 Nummium
972 2358 1165 2438 divisorem,
1189 2369 1225 2426 ut
1245 2361 1487 2448 Neoptolemum

164 2454 203 2522 ad
225 2457 370 2532 Troiam,
394 2455 439 2522 sic
461 2454 549 2520 illum
570 2455 605 2518 in
626 2471 738 2536 campo
759 2453 871 2518 Martio
892 2473 1009 2518 nomen
1030 2452 1198 2521 invenisse.
1240 2459 1348 2522 LXIV.
1381 2460 1485 2546 Atque

163 2554 242 2618 baec
263 2551 369 2618 omnia
390 2552 490 2617 verbo
513 2547 722 2614 continentur.
768 2549 869 2630 Saepe
891 2549 984 2612 etiam
1006 2568 1116 2614 versus
1136 2549 1237 2615 iacctc
1259 2552 1484 2637 interponitur,

125 2649 215 2712 asvel
236 2654 271 2713 ut
291 2656 338 2713 est
359 2645 409 2711 vel
429 2643 601 2731 paullulum
623 2643 817 2720 immutatus3
852 2650 907 2707 aut
926 2643 1030 2730 aliqua
1050 2663 1123 2729 pars
1143 2665 1271 2723 versus,
1307 2654 1342 2711 ut
1364 2644 1481 2711 Statius

165 2744 283 2807 Scauro
305 2741 528 2807 stomachanti:
552 2735 602 2821 (cx
624 2757 686 2823 quo
711 2745 782 2800 sunt
803 2735 963 2814 nonnulli,
987 2740 1040 2826 qui
1062 2746 1146 2805 tuam
1168 2741 1270 2826 legem
1293 2743 1334 2807 de
1357 2742 1484 2806 civitate

163 2844 286 2913 natam,
311 2836 441 2913 Crasse,
465 2833 569 2901 dicant
576 2831 596 2917 3)

276 2979 345 3068 bt,
368 2984 478 3050 tacete,
502 2975 574 3058 pm'd
594 2975 648 3037 boc
669 2974 837 3037 clamoris?
857 2972 963 3056 pacibus
982 2974 1035 3036 a'cc
1054 2982 1150 3038 mater
1170 2993 1223 3040 acc
1238 2984 1347 3061 pater,

291 3074 387 3137 Tacta
407 3070 606 3153 cosfideatiu?
626 3067 747 3149 Auferte
767 3069 857 3131 istam
877 3068 956 3131 euim
976 3069 1155 3151 superbiam.

124 3216 239 3282 eoNam
258 3215 293 3278 in
308 3212 412 3279 Caelio
434 3233 508 3278 sanc
531 3209 686 3276 etiamad
709 3229 832 3274 causam
854 3206 929 3273 utile
952 3205 1011 3273 fuit
1032 3216 1120 3274 tuum
1140 3209 1233 3285 illud,
1256 3216 1388 3289 Antoni,
1411 3232 1482 3280 cum

161 3309 216 3376 ille
243 3331 262 3378 a
288 3330 322 3375 se
349 3309 514 3395 pecuniam
541 3304 714 3391 prolectam
742 3302 861 3369 diceret
881 3301 969 3369 testis
990 3310 1022 3368 ct
1042 3302 1177 3370 haberet
1201 3303 1298 3374 filium
1321 3307 1484 3376 delicatio-

160 3425 248 3484 rem,
272 3406 406 3470 abeunte
427 3403 490 3468 iem
510 3400 583 3478 illo,

288 3547 392 3613 sentia
412 3565 508 3611 sctum
529 3564 589 3609 esse
610 3551 722 3608 tactum
742 3543 869 3627 tripiuta
889 3518 1007 3608 micis?

160 3693 233 3758 258.
256 3692 293 3756 ln
314 3691 375 3754 boc
396 3708 494 3773 genus
517 3687 725 3752 coniiciuntur
745 3683 930 3770 proverbia,
952 3693 989 3750 ut
1009 3683 1087 3751 illud
1109 3684 1278 3772 Scipionis,
1303 3707 1374 3752 cuna
1394 3689 1482 3755 Ascl-

122 3799 151 3843 π
159 3783 208 3852 lus
240 3805 349 3850 omnes
382 3780 559 3870 provincias
593 3779 747 3865 stipendia
786 3786 960 3845 merentem
994 3801 1027 3844 sc
1060 3799 1244 3863 peragrasse
1278 3781 1477 3864 gloriaretur,

160 3885 260 3966 Agas
281 3879 468 3951 asellum,
491 3884 523 3941 et
544 3883 660 3941 cetera.
707 3877 813 3952 Quare
836 3896 874 3938 ea
895 3895 1038 3961 quoquc,
1061 3876 1209 3960 quoniam
1232 3876 1358 3941 mutatis
1372 3876 1479 3942 verbis

160 3993 224 4040 non
238 3979 371 4061 possunt
390 3973 529 4037 retinere
552 3973 684 4035 candem
698 3976 907 4042 venustatem,
933 3990 996 4032 non
1018 3970 1052 4032 in
1073 3989 1109 4034 rc
1132 3973 1187 4035 sed
1209 3974 1242 4035 in
1256 3967 1362 4036 verbis
1377 3971 1479 4055 posita

229 4184 257 4235 1.
275 4181 402 4242 Nouium,
421 4187 452 4232 ut
468 4183 618 4233 conluceret
635 4181 831 4238 Scbnelderus,
851 4178 915 4240 Lag.
934 4176 961 4226 2.
981 4176 1041 4228 dd:
1060 4178 1187 4230 Nasutum
1200 4181 1278 4231 ΒΒΒ.
1295 4207 1324 4219 -
1345 4182 1371 4233 5.
1390 4183 1481 4233 emeat

161 4254 246 4307 eodo.
266 4254 319 4314 ab,
337 4254 380 4304 ll:
408 4251 479 4303 eldat
498 4249 559 4315 (Bt)
576 4249 607 4300 Ε.
630 4275 658 4286 -
686 4255 858 4314 percontatur
877 4262 936 4299 curn
956 4247 1029 4300 llbrla
1048 4249 1331 4313 R2parcanctutut1.
1350 4253 1393 4303 Fr·
1414 4252 1480 4303 Gro-

160 4330 239 4378 novlo
258 4333 367 4378 auctore
385 4323 416 4375 Β.
435 4344 469 4357 -
496 4322 521 4373 8.
542 4321 625 4372 altaro
644 4321 768 4385 ambtpuo
788 4319 819 4370 B.
838 4344 869 4355 -
900 4318 926 4368 9.
947 4319 1106 4370 salsissimas
1128 4333 1187 4372 cum
1207 4322 1280 4374 ltbrla
1297 4323 1338 4374 ll:
1366 4322 1480 4375 subtert-

158 4411 230 4448 mam
250 4398 399 4449 Rruestlue.
421 4418 450 4430 -
470 4387 537 4455 tum]
557 4400 647 4443 tamea
663 4392 698 4442 Β.
725 4417 753 4428 -
787 4388 1060 4452 immunitatium
1083 4415 1112 4427 -
1133 4392 1176 4442 13.
1197 4399 1260 4444 sum
1278 4407 1292 4446 a
1312 4392 1396 4445 codd·
1415 4395 1478 4457 alta.

159 4467 192 4518 Τ.
213 4491 244 4504 -
265 4468 308 4519 lt.
328 4473 366 4518 ast
384 4463 481 4517 dalem
499 4465 531 4514 Τ.
552 4488 582 4500 -
602 4463 646 4514 15.
665 4468 745 4513 acuto
762 4461 795 4511 Β.
816 4485 847 4497 -
864 4473 979 4523 pravam
997 4459 1030 4508 Β.
1051 4486 1082 4497 -
1105 4461 1148 4512 111.
1166 4466 1344 4515 mutationem
1360 4464 1401 4526 Β,
1421 4467 1479 4516 lma·-

159 4539 286 4591 tata'ooem
303 4537 337 4588 Β.
359 4562 388 4575 -
409 4533 633 4604 superoperatus
652 4546 704 4584 om.
718 4532 773 4582 ΒΒ.
789 4553 820 4565 -
839 4532 882 4582 17.
904 4532 999 4582 catoni
1015 4531 1134 4583 uidelicet
1151 4547 1210 4584 cum
1226 4536 1335 4600 puidam
1346 4535 1378 4586 Β.
1396 4557 1428 4572 -
1448 4541 1479 4588 ut

158 4607 236 4674 taso]
257 4616 288 4661 at
303 4609 431 4659 indictum
448 4607 481 4657 Β.
502 4629 529 4641 -
550 4603 594 4656 19.
613 4605 699 4667 lupuit
716 4616 770 4654 oro.
783 4601 814 4651 Β.
833 4626 867 4636 -
884 4608 933 4653 aut
951 4600 1076 4666 eiusdem]
1095 4610 1133 4653 set
1149 4611 1237 4656 uatem
1255 4608 1365 4656 eiusdem
1376 4604 1432 4656 llll.
1448 4631 1478 4643 -

158 4680 204 4730 20.
218 4687 243 4730 ct
255 4682 379 4732 ademtae
392 4690 444 4728 om.
457 4677 489 4728 Β.
504 4699 536 4711 -
548 4671 649 4740 Etiam]
662 4676 697 4725 Et
709 4681 796 4725 tameo
807 4672 863 4722 ΒΒ.
879 4696 908 4709 -
928 4671 973 4721 22.
986 4671 1142 4723 Mummium
1154 4675 1185 4725 Β.
1199 4703 1232 4714 -
1250 4676 1293 4728 25.
1307 4674 1397 4739 stium]
1411 4679 1480 4728 cutm

159 4749 192 4801 Β.
210 4775 233 4789 -
251 4753 295 4803 25.
307 4749 382 4800 Scias
393 4748 495 4799 Scauro
503 4745 537 4808 Β,
551 4745 630 4796 Stetit
640 4758 658 4795 a
670 4745 771 4796 Scauro
783 4743 960 4794 stomachante
972 4743 1141 4804 probabiliter
1152 4745 1259 4799 Battus.
1271 4770 1303 4785 -
1314 4747 1357 4796 27.
1371 4745 1477 4812 matam]

158 4820 228 4875 Num
240 4829 265 4873 ts
278 4822 310 4872 Β.
326 4844 357 4857 -
377 4819 469 4872 dicunt
480 4818 512 4869 Β.
527 4842 558 4856 -
577 4816 621 4867 28.
635 4812 675 4879 St]
689 4815 741 4866 Sed
753 4815 808 4865 BR.
824 4839 854 4851 -
866 4822 946 4876 pater
957 4815 991 4864 stt
1002 4814 1057 4867 llll.
1073 4840 1101 4853 -
1116 4814 1160 4865 29.
1175 4818 1331 4883 confideretis
1342 4820 1404 4866 satir
1418 4831 1478 4870 cum

159 4890 232 4946 ltbrts
248 4891 305 4947 ΒΒ.
324 4889 399 4945 Gerr.
413 4888 560 4945 salutatur.
575 4912 606 4928 -·
625 4884 733 4952 Auferte
743 4888 904 4978 ascelmum
919 4899 941 4940 r.
954 4884 989 4940 Β.
1008 4911 1041 4929 ···
1059 4883 1103 4940 ³0.
1116 4893 1171 4941 tum
1182 4887 1216 4942 Β.
1230 4912 1262 4949 ,-
1279 4885 1323 4943 ³⁵.
1337 4901 1364 4942 ro
1377 4901 1429 4942 om.
1443 4889 1477 4945 Β.
