3232 5392
441 237 495 304 DE
518 235 766 303 INVENTIONE
787 236 863 301 Lla.
885 235 911 302 Ι.
957 237 992 304 C.
1018 238 1047 303 l.
1070 239 1101 303 2.
1124 240 1155 303 3.
1417 241 1458 304 89

135 400 215 486 egris
244 395 388 463 homines
417 396 533 480 passim
568 397 739 463 bestiarum
771 400 865 462 modo
898 402 1092 483 vagabantur
1121 405 1152 462 et
1184 398 1244 463 sibi
1272 400 1360 464 victu
1388 399 1456 465 fero

134 497 229 560 dmm
251 495 484 580 propagabant3
517 513 574 557 nec
597 497 716 558 ratione
745 492 840 557 animi
862 493 1053 580 quidquam,
1087 495 1142 558 sed
1164 494 1315 577 pleraque
1337 492 1457 558 viribus

135 588 276 674 eorporis
302 586 572 665 administrabant;
606 591 743 653 nondum
767 590 891 652 divinae
913 588 1094 673 religionis,
1129 609 1192 652 non
1214 586 1341 652 humani
1363 585 1457 652 officii

132 686 212 751 ratio
235 682 411 759 colebatur3
450 703 543 748 nemo
565 685 688 769 nuptias
710 683 832 747 viderat
854 684 1027 766 legitimas:
1065 703 1129 747 non
1158 691 1260 747 certos
1290 681 1457 766 quisquam

132 782 311 865 inspexerat
333 776 466 854 liberos3
491 798 574 852 non,
599 777 646 843 ins
669 777 832 862 aequabile
855 778 930 862 quid
952 777 1093 842 utilitatis
1108 777 1255 854 haberet,
1280 784 1480 861 acceperats

132 877 177 939 lta
197 882 328 959 propter
361 892 500 936 errorem
534 881 628 959 atque
661 872 857 938 inscientiam
889 892 980 936 caeca
1012 892 1047 936 ac
1078 872 1242 937 temeraria
1264 869 1457 936 dominatrix

132 968 228 1036 animi
250 965 404 1052 cupiditas
425 964 465 1029 ad
487 985 521 1030 se
543 965 731 1052 explendam
753 966 873 1032 viribus
895 965 1037 1049 corporis
1066 969 1271 1042 abutebatur,
1302 963 1459 1052 pernicio·

131 1063 264 1131 sissimis
297 1059 491 1125 satellitibus.
549 1062 619 1138 Quo
652 1071 795 1145 temporo
827 1060 974 1146 quidam,
1009 1081 1139 1144 magnus
1170 1059 1317 1124 videlieet
1349 1059 1398 1124 vir
1426 1069 1458 1125 et

132 1163 276 1242 sapiens,
311 1155 475 1240 cognovit,
506 1177 586 1242 quae
609 1157 755 1222 materies
777 1166 808 1221 et
830 1163 945 1240 quanta
966 1156 1006 1217 ad
1027 1154 1178 1219 maximas
1200 1175 1250 1218 res
1273 1157 1458 1240 opportuni·

131 1264 178 1318 tas
211 1253 245 1315 in
278 1248 389 1316 animis
412 1247 528 1312 inesset
559 1248 738 1325 hominum,
774 1249 799 1313 si
830 1249 899 1334 quis
930 1269 998 1312 eam
1021 1257 1129 1330 posset
1157 1251 1269 1313 elicere
1303 1258 1335 1312 et
1366 1268 1495 1333 prae-ao

131 1347 276 1432 cipiendo
299 1342 461 1408 meliorem
484 1345 636 1422 reddere;
672 1344 726 1428 qni
755 1345 914 1429 dispersos
935 1344 1078 1407 homines
1099 1343 1132 1408 in
1137 1342 1237 1452 ‘agris
1259 1351 1291 1408 et
1311 1343 1344 1409 in
1367 1346 1457 1410 tectis

130 1441 328 1510 silvestribus
360 1437 484 1502 abditos
512 1438 633 1502 ratione
663 1441 798 1525 quadam
829 1437 982 1521 compulit
1008 1458 1105 1501 unum
1135 1437 1166 1502 in
1197 1438 1299 1502 locum
1328 1447 1360 1502 et
1381 1459 1457 1505 con·

130 1534 274 1628 gregavit
296 1540 327 1597 et
348 1553 402 1597 eos
423 1532 456 1597 in
479 1554 571 1597 unam
595 1555 750 1621 quamque
773 1554 840 1598 rem
861 1533 1013 1598 inducens
1034 1532 1142 1596 utilem
1165 1540 1259 1616 atque
1292 1538 1456 1600 honestam

130 1637 233 1741 primo
262 1635 391 1715 propter
416 1627 615 1693 insolentiam
645 1631 868 1702 reclamantes,
900 1625 1014 1691 deinde
1036 1634 1166 1711 propter
1186 1629 1340 1693 rationem
1362 1636 1457 1715 atque

132 1726 307 1797 orationem
329 1721 497 1786 studiosius
531 1725 694 1788 audientes
725 1744 765 1788 ex
794 1723 870 1785 ieris
892 1730 924 1784 et
944 1720 1132 1785 immanibus
1155 1724 1245 1787 mites
1268 1724 1404 1789 reddidit
1425 1732 1493 1788 etis

131 1828 318 1889 mansuetos.
361 1820 392 1881 3.
416 1818 461 1880 Ac
483 1817 559 1881 milri
582 1817 708 1901 quidem
729 1821 856 1883 videtur
876 1821 936 1882 boc
957 1840 1015 1882 nec
1038 1818 1132 1882 tacita
1152 1838 1209 1882 nec
1224 1821 1315 1904 inops
1331 1817 1455 1885 dicendi

131 1914 283 2004 sapientia
314 1910 465 1998 perficere
493 1916 652 1995 potuisse,
687 1923 721 1978 ut
747 1916 890 1978 homines
912 1934 930 1977 a
952 1913 1176 1979 consuetudine
1198 1913 1303 1979 subito
1325 1935 1456 1979 conver-

131 2018 211 2078 teret
233 2017 264 2072 et
285 2010 324 2072 ad
346 2006 486 2071 diversas
508 2007 590 2069 vitae
613 2006 750 2072 rationes
772 2011 960 2073 traduceret.
1016 2012 1081 2093 Age
1105 2029 1201 2083 vero,
1225 2005 1357 2074 urbibus
1379 2031 1455 2075 con·

131 2107 268 2179 stitutis,
306 2110 340 2165 ut
372 2098 465 2165 fidem
496 2100 600 2165 colere
629 2110 660 2166 et
688 2101 838 2166 iustitiam
861 2106 998 2166 retinere
1019 2105 1176 2167 discerent
1198 2096 1229 2166 et
1250 2102 1318 2167 aliis
1341 2123 1455 2186 parere

131 2225 187 2268 sua
208 2198 369 2265 voluntate
392 2204 632 2260 consuescerent
654 2217 689 2260 ac
711 2216 776 2260 non
798 2200 893 2263 modo
915 2201 1040 2262 labores
1062 2197 1265 2283 excipiendos
1281 2199 1493 2263 communisse

131 2296 288 2364 commodi
310 2311 420 2365 eausa,
449 2292 504 2354 sed
527 2290 620 2355 etiam
643 2293 738 2355 vitam
759 2292 959 2358 amittendam
983 2295 1218 2358 existimarent:
1254 2290 1306 2376 qui
1328 2294 1456 2356 tandem

130 2391 197 2458 lieri
219 2387 340 2473 potuit,
364 2385 424 2450 nisi
445 2384 587 2449 homines
610 2405 664 2460 ea,
700 2407 780 2471 quae
802 2387 921 2452 ratione
943 2387 1151 2462 invenissent,
1181 2385 1361 2471 eloquentia
1383 2406 1455 2468 per·

131 2484 261 2553 suadere
276 2483 471 2567 potuissent?
493 2479 638 2545 Proiecto
660 2502 754 2546 nemo
775 2481 835 2546 nisi
851 2480 938 2565 gravi
953 2503 989 2546 ac
1005 2481 1093 2546 suavi
1109 2491 1283 2545 commotus
1299 2482 1454 2557 oratione,

131 2602 200 2647 cnm
223 2575 342 2642 viribus
363 2573 532 2660 plurimum
555 2586 675 2659 posset,
709 2577 748 2639 ad
770 2578 818 2639 ius
840 2575 990 2640 voluisset
1018 2578 1085 2640 sine
1113 2577 1145 2639 vi
1174 2573 1383 2650 descendere,
1421 2584 1456 2640 ut

130 2675 210 2739 inter
232 2691 311 2759 quos
332 2675 438 2755 posset
459 2668 628 2743 excellcre,
664 2691 734 2734 cnm
757 2670 805 2734 bis
827 2691 861 2735 se
884 2679 1042 2754 pateretur
1064 2672 1191 2757 aequari
1214 2679 1245 2733 et
1265 2690 1323 2735 sua
1345 2669 1491 2735 volun-as

56 2774 65 2793 '
130 2778 191 2833 tate
213 2790 232 2832 a
254 2763 476 2830 iucundissima
497 2765 724 2827 consuetudine
746 2763 928 2840 recederet,
953 2785 1033 2851 qnae
1047 2765 1231 2847 praesertim
1248 2763 1310 2828 iam
1325 2775 1453 2828 naturae

130 2868 192 2928 mm
227 2859 385 2926 obtineret
417 2867 548 2943 propter
578 2867 775 2923 vetustatem.
833 2863 877 2924 Ac
907 2862 1009 2943 primo
1037 2857 1163 2944 quidem
1197 2861 1241 2922 sic
1272 2867 1303 2922 et
1331 2866 1400 2922 nata
1424 2867 1455 2922 et

129 2976 297 3042 progressa
328 2953 450 3037 longius
483 2953 661 3037 eloquentia
691 2953 814 3018 videtur
842 2961 874 3017 et
905 2956 978 3018 item
1007 2963 1116 3039 postea
1139 2952 1283 3018 maximis
1306 2952 1336 3017 in
1359 2952 1454 3018 rebus

129 3050 213 3137 pacis
235 3057 267 3113 et
288 3047 362 3112 belli
385 3069 456 3112 cum
479 3049 607 3113 summis
629 3048 789 3113 bominum
812 3048 998 3113 utilitatibus
1021 3069 1089 3113 esse
1111 3056 1243 3113 versata.
1286 3049 1453 3132 Postquam

129 3165 204 3211 vero
227 3140 432 3207 commoditas
453 3140 628 3226 quaedam,
658 3164 756 3227 prava
778 3142 900 3208 virtutis
923 3143 1093 3219 imitatrix,
1125 3145 1192 3207 sine
1214 3141 1336 3206 ratione
1358 3141 1491 3207 officiiao

129 3237 252 3305 dicendi
273 3237 395 3321 copiam
417 3245 584 3301 consecuta
606 3245 668 3312 est,
693 3246 757 3303 tum
781 3239 907 3323 ingenio
929 3237 1009 3303 freta
1030 3239 1146 3302 malitia
1162 3244 1344 3323 pervertere
1359 3235 1454 3302 urbes

129 3342 159 3399 et
179 3335 259 3397 vitas
279 3334 443 3397 bominum
471 3328 657 3395 labefactare
685 3333 831 3396 assuevit.
878 3335 931 3397 lll.
961 3337 1062 3419 Atque
1091 3335 1182 3397 buius
1213 3348 1339 3419 quoque
1362 3352 1455 3396 exor-

129 3425 214 3493 dium
237 3423 327 3499 mali,
350 3424 496 3509 quoniam
519 3425 708 3510 principium
731 3424 804 3491 boni
828 3426 979 3502 diximus,
1003 3427 1207 3510 explicemus.

213 3522 244 3585 b.
268 3520 343 3588 Veri
365 3519 554 3584 simillimum
577 3519 654 3584 mihi
676 3519 799 3585 videtur
821 3524 956 3605 quodam
979 3530 1120 3606 tempore
1142 3541 1245 3631 neque
1266 3523 1298 3585 in
1320 3520 1453 3609 publicis

129 3618 224 3684 rebus
255 3615 388 3680 infantes
420 3623 451 3678 et
480 3614 662 3697 insipientes
692 3616 832 3680 homines
861 3615 970 3680 solitos
999 3637 1066 3680 esse
1094 3618 1214 3680 versari
1235 3636 1293 3680 nec
1314 3637 1391 3682 vero
1413 3613 1490 3680 adse

127 3717 265 3796 privatas
288 3730 395 3775 causas
417 3728 546 3794 magnos
568 3729 604 3773 ac
626 3707 759 3775 disertas
781 3710 924 3775 bomines
945 3715 1111 3786 accedere;
1134 3713 1189 3775 sed
1205 3730 1275 3775 cum
1291 3730 1308 3773 a
1323 3711 1454 3775 summis

127 3805 203 3872 viris
225 3802 379 3868 maximae
400 3824 452 3868 res
474 3802 788 3882 administrarentur,
819 3807 955 3870 arbitror
983 3805 1063 3870 alios
1085 3805 1181 3870 luisse
1203 3826 1267 3868 non
1289 3804 1451 3869 incallidos

126 3898 287 3971 homines,
325 3897 378 3984 qui
405 3896 445 3963 ad
471 3919 581 3984 parvas
611 3902 843 3964 controversias
873 3896 1067 3983 privatorum
1089 3898 1286 3965 accederent.
1329 3899 1451 3975 Quibus

126 3993 159 4058 in
191 3991 414 4058 controversiis
444 4014 514 4058 cum
547 4014 640 4078 saepe
672 4014 689 4058 a
717 3998 881 4059 mendacio
913 4004 1021 4059 contra
1051 4016 1161 4060 verum
1193 4003 1276 4059 stare
1288 3990 1449 4056 homines

126 4094 387 4163 consuescerent,
417 4086 540 4152 dicendi
562 4088 726 4153 assiduitas
749 4088 823 4153 aluit
846 4086 1021 4165 audaciam,
1054 4098 1089 4155 ut
1109 4090 1286 4154 necessario
1308 4085 1487 4193 superio-eo

126 4203 178 4248 res
199 4181 244 4247 illi
267 4191 397 4268 propter
417 4182 547 4247 iniurias
568 4182 683 4248 civium
704 4169 851 4248 resistere
873 4183 1041 4249 audacibus
1063 4192 1094 4248 et
1115 4176 1262 4266 opitulari
1283 4179 1347 4245 suis
1366 4180 1451 4264 quis-

195 4425 221 4472 l.
241 4437 312 4473 more
332 4422 365 4473 Β.
402 4421 436 4473 Ut
455 4435 521 4483 noe,
552 4423 652 4472 VPAT.
683 4446 709 4458 -
739 4422 826 4484 ferino
844 4424 867 4472 ll
886 4428 999 4473 etcorr.
1019 4430 1074 4472 ant.
1096 4437 1131 4472 an.
1151 4422 1181 4471 P.
1201 4446 1234 4456 -
1264 4419 1291 4470 d.
1318 4420 1450 4482 lepite'moa

125 4495 229 4546 oiduat
247 4495 357 4556 captiae
374 4494 406 4543 V.
426 4519 459 4529 -
489 4495 514 4544 5.
543 4496 692 4556 inspexerat
711 4495 781 4544 VAR
800 4501 826 4544 et
844 4507 910 4544 corr.
932 4501 986 4543 ent.
1006 4507 1041 4543 m.
1060 4492 1100 4542 P:
1129 4497 1270 4553 aspexerat
1287 4490 1307 4540 a
1326 4505 1385 4540 cum
1403 4491 1449 4540 ΒΤ

126 4573 153 4616 ct
171 4578 210 4626 pr.
231 4564 261 4613 Ρ.
285 4589 313 4599 -
334 4565 361 4615 d.
382 4566 514 4615 inscitiam
532 4563 588 4613 PR.
610 4566 670 4615 -9.
688 4565 859 4615 material:
878 4566 1004 4614 materiae
1022 4564 1087 4622 AT,
1105 4563 1220 4612 materia
1238 4566 1302 4611 esset
1321 4561 1396 4610 Pllll.
1418 4587 1446 4601 -

126 4637 168 4687 to.
188 4638 218 4685 io
234 4637 332 4685 antarta
349 4638 443 4686 inesset
459 4637 593 4685 bominum
605 4636 691 4685 ven:
712 4636 809 4686 animia
820 4638 914 4685 inesset
929 4635 1061 4684 bominum
1073 4634 1137 4694 AT,
1155 4635 1184 4681 in
1202 4633 1298 4681 animis
1316 4633 1450 4681 homiaem

125 4711 256 4767 expuncta
275 4709 369 4756 inesset
387 4706 417 4758 Ε.
437 4729 469 4741 -
488 4706 531 4756 lb.
552 4706 600 4755 boe
617 4720 662 4757 aec
679 4709 762 4756 tacita
779 4705 884 4755 videtur
903 4705 1016 4755 eCodd.
1038 4703 1131 4754 nraev.
1151 4703 1184 4753 Ut
1197 4714 1260 4763 nos,
1280 4702 1403 4754 VPART.
1417 4727 1448 4739 -

126 4775 168 4828 18.
190 4781 307 4827 rationes
327 4779 398 4826 ottae
419 4777 519 4825 PART.
544 4776 577 4825 Ut
595 4790 660 4837 nos,
680 4776 713 4826 V.
735 4800 765 4812 -
785 4777 829 4826 25.
848 4774 1035 4825 tisanana:
1054 4777 1087 4822 its
1105 4773 1134 4823 E.
1153 4797 1182 4809 -
1202 4771 1246 4823 30.
1266 4770 1447 4837 commoditas]

125 4849 258 4899 catttdttoa
277 4855 385 4898 anctore
402 4847 521 4897 Ernestto
540 4846 602 4896 Son.
641 4847 670 4895 ln
689 4847 709 4896 P
728 4847 810 4911 glossa
829 4848 959 4905 adscripta
978 4851 1017 4896 est
1034 4843 1168 4896 labilitas.
1207 4844 1305 4908 firmet
1323 4845 1448 4898 librorum

125 4917 185 4970 lect.
206 4919 237 4972 V.
259 4944 288 4957 -
321 4917 366 4969 39.
384 4927 457 4970 stare
474 4919 589 4968 tomtnea
606 4916 716 4971 PAAT=
735 4919 849 4974 domines
865 4922 937 4967 stare
955 4915 987 4967 a.
