3216 5400
160 184 182 247 2
663 183 717 247 Ab
740 184 977 251 HERENNIUM

162 360 307 426 geramus
332 339 497 405 uoluntati.
541 341 652 417 Nune,
689 365 730 408 ne
758 345 890 409 nimium
918 347 1014 429 longa
1045 352 1186 410 sumatur
1214 347 1336 422 oratio,
1377 347 1417 410 de
1450 368 1486 411 re

161 439 267 501 dicere
288 438 493 519 incipiemus,
517 437 544 500 si
567 444 596 501 ῖθ
618 460 715 502 unum
737 440 815 502 illud
838 443 1070 517 monuerimus,
1094 448 1194 504 artem
1216 442 1283 505 sine
1300 441 1486 504 assiduitate

161 532 287 596 dicendi
307 553 373 596 non
395 535 528 596 multum
549 534 678 608 iuvare,
708 540 744 595 ut
771 533 927 616 intelligas
956 538 1037 601 hanc
1066 538 1221 601 rationem
1249 536 1485 620 praeceptionis

160 628 201 690 ad
224 628 481 691 exercitationem
504 628 736 690 accommodari
758 637 918 709 oportere.

137 741 150 783 ε
244 723 285 784 Π.
309 725 341 785 2.
367 722 507 786 Oratoris
529 719 667 785 officium
690 728 737 784 θεῖ
759 724 798 786 de
820 724 858 785 iis
880 727 975 789 rebus
996 747 1090 808 posse
1114 726 1238 800 dicere,
1267 743 1347 810 quae
1368 746 1420 789 res
1442 725 1483 788 ad

159 837 251 880 usum
273 817 398 880 civilem
421 818 562 880 moribus
584 837 620 880 ac
642 817 765 898 legibus
787 819 975 882 constitutae
997 827 1087 895 sunt,
1111 841 1182 883 cum
1197 820 1378 883 assensione
1394 819 1483 882 audi-

160 919 286 987 torum,
324 914 428 995 quoad
462 913 529 976 eius
560 909 629 975 lieri
659 912 786 992 poterit.
831 913 904 976 Tria
932 920 1005 975 sunt
1035 934 1151 996 genera
1181 933 1362 990 causarum,
1400 933 1481 996 quae

158 1007 301 1088 recipere
323 1005 418 1070 debet
440 1015 564 1070 orator:
600 1006 902 1081 demonstrativum,
926 1008 1187 1082 deliberatitum,
1218 1007 1375 1070 iudiciale.
1418 1008 1481 1069 lle-

158 1101 398 1165 monstrativum
428 1109 492 1177 θεῖ,
527 1102 612 1184 quod
641 1101 789 1163 tribuitur
816 1101 848 1163 in
877 1102 1008 1164 alieuius
1038 1107 1141 1164 certae
1171 1121 1327 1183 personae
1356 1102 1481 1164 laudem

121 1197 209 1260 revel
230 1196 515 1277 vituperationem
554 1195 793 1259 deliberativum
816 1202 863 1258 θεῖ
884 1196 916 1257 in
938 1197 1190 1271 consultatione,
1226 1197 1311 1281 quod
1332 1195 1429 1257 habet
1448 1195 1482 1257 in

158 1312 193 1355 se
215 1292 393 1354 suasionem
416 1299 448 1354 et
468 1288 719 1366 dissuasionem
754 1289 901 1352 iudiciale
930 1296 994 1365 est,
1029 1292 1114 1374 quod
1140 1291 1280 1372 positum
1301 1291 1336 1353 in
1357 1295 1483 1351 contro·

157 1387 262 1449 versia
282 1387 380 1449 habet
400 1384 632 1448 accusationem
654 1390 709 1447 aut
728 1384 915 1465 petitionem
938 1405 1009 1447 eum
1032 1382 1228 1448 defensione.
1274 1387 1381 1458 Nune,
1405 1402 1482 1466 quas

158 1501 210 1542 res
239 1487 397 1544 oratorem
428 1480 546 1542 habere
579 1483 745 1560 oporteat,
785 1479 986 1555 docebimus;
1032 1481 1169 1554 deinde,
1205 1500 1267 1564 quo
1302 1480 1397 1542 modo
1426 1478 1483 1540 has

159 1595 267 1637 causas
289 1575 414 1638 tractari
437 1574 620 1648 conveniat,
645 1575 859 1636 ostendemus.
904 1576 935 1636 3.
960 1574 1094 1656 Oportet
1115 1576 1210 1658 igitur
1225 1595 1294 1638 esse
1308 1574 1342 1636 in
1358 1581 1483 1636 oratore

121 1670 390 1745 reinventionem,
414 1669 672 1751 dispositionem,
698 1668 929 1743 elocutionem,
954 1671 1156 1743 memoriam,
1179 1669 1481 1751 pronuntiationem.

157 1764 300 1828 Inventio
324 1773 372 1828 est
392 1764 581 1847 excogitatio
604 1784 709 1827 rerum
731 1783 876 1827 verarum
898 1769 953 1825 aut
973 1764 1040 1828 veri
1062 1765 1230 1839 similium,
1254 1782 1336 1846 quae
1358 1782 1483 1825 causam

158 1859 357 1940 probabilem
379 1861 522 1923 reddant.
575 1857 747 1939 Dispositio
778 1864 827 1920 θεῖ
854 1857 933 1921 ordo
965 1865 997 1920 et
1025 1859 1203 1921 distributio
1238 1880 1364 1933 rerum,
1402 1878 1483 1941 quae

159 1954 375 2028 demonstrat,
413 1953 489 2038 quid
518 1952 633 2036 quibus
661 1952 740 2014 locis
771 1953 812 2014 sit
838 1953 1068 2015 collocandum.
1112 1952 1259 2016 Elocutio
1283 1960 1331 2016 est
1352 1954 1485 2016 idoneo·

158 2068 229 2109 rum
250 2050 421 2111 verborum
444 2055 476 2110 et
496 2047 721 2109 sententiarum
736 2046 776 2107 ad
792 2046 1006 2109 inventionem
1023 2048 1286 2111 accommodatio.
1330 2047 1484 2111 Memoria

121 2148 208 2204 mest
227 2137 318 2206 firma
339 2142 433 2204 animi
456 2160 561 2205 rerum
584 2147 616 2203 et
635 2141 806 2203 verborum
828 2145 859 2201 et
881 2141 1095 2222 dispositionis
1117 2143 1291 2224 perceptio.
1342 2144 1484 2206 Pronun-

134 2234 247 2297 tiatio
276 2242 324 2298 est
351 2237 438 2300 vocis
465 2236 569 2299 vultus
602 2241 707 2316 gestus
734 2233 909 2296 moderatio
938 2255 1010 2297 eum
1038 2243 1212 2299 venustate.
1263 2238 1349 2300 llaec
1378 2237 1484 2301 omnia

159 2330 260 2393 tribus
290 2332 385 2394 rebus
414 2330 539 2414 assequi
567 2328 759 2411 poterimus,
790 2335 856 2390 arte
878 2328 1052 2392 imitatione
1075 2331 1311 2394 exercitatione.
1356 2332 1414 2393 Ars
1437 2336 1485 2394 est

159 2426 359 2506 praeceptio,
398 2445 478 2507 quae
507 2426 561 2487 dat
588 2430 705 2487 certam
735 2423 818 2487 viam
840 2423 1057 2509 rationemque
1081 2426 1217 2490 dicendi.
1262 2426 1398 2489 imitatio
1423 2433 1481 2499 θεῖ,

160 2539 222 2601 qua
243 2520 437 2601 impellimur
459 2542 530 2584 eum
552 2519 694 2602 diligenti
716 2518 859 2593 ratione,
894 2527 929 2580 ut
950 2521 1128 2604 aliquorum
1150 2523 1269 2586 similes
1292 2523 1325 2585 in
1348 2522 1482 2584 dicendo

121 2614 293 2678 attolimus
316 2636 397 2679 esse.
442 2614 632 2678 Exercitatio
656 2621 704 2676 est
725 2613 869 2676 assiduus
890 2635 965 2678 usus
987 2618 1245 2702 consuetudoque
1269 2616 1403 2680 dicendi.

243 2710 401 2786 Quoniam
431 2711 526 2794 igitur
556 2711 803 2773 demonstratum
832 2714 894 2783 cst,
928 2730 1006 2792 quas
1028 2730 1137 2773 causas
1161 2719 1319 2774 oratorem
1341 2709 1483 2788 recipere

160 2825 300 2890 quasque
322 2826 374 2870 res
395 2805 514 2868 habere
536 2805 737 2877 conveniret,
770 2823 875 2877 nunc,
911 2802 934 2882 i
957 2805 1222 2887 quemadmodum
1244 2806 1284 2867 ad
1306 2803 1482 2865 orationem

158 2900 281 2980 possint
294 2900 428 2961 oratoris
444 2895 548 2962 officia
562 2897 816 2972 accommodari,
840 2897 1007 2959 dicendum
1023 2898 1158 2959 videtur.
1204 2898 1258 2959 lll.
1284 2896 1315 2957 le.
1339 2895 1481 2956 inventio

158 2992 192 3055 in
213 3012 270 3055 sex
290 2999 395 3074 partes
417 2992 568 3055 orationis
590 2991 804 3065 consumitur,
832 2991 865 3053 in
888 2991 1073 3065 exordium,
1097 2992 1329 3064 narrationem,
1355 2988 1483 3051 divisio-

123 3102 251 3158 aonem,
286 3081 575 3160 confirmationem,
616 3083 882 3158 confutationem,
927 3084 1173 3148 conclusionem.
1230 3084 1403 3147 Exordium
1436 3086 1484 3144 est

159 3178 350 3263 principium
373 3180 543 3254 orationis,
566 3200 625 3261 per
647 3178 732 3262 quod
754 3179 876 3240 animus
898 3177 1050 3241 auditoris
1072 3179 1270 3242 constituitur
1291 3179 1331 3241 ad
1354 3176 1483 3241 audien·

160 3273 246 3335 dnm.
291 3275 435 3337 Narratio
462 3280 510 3337 est
542 3277 825 3356 rerumgestarum
848 3278 903 3335 aut
922 3273 1054 3353 perinde
1075 3280 1111 3336 ut
1132 3280 1290 3356 gestarum
1312 3270 1481 3353 expositio.

158 3368 278 3433 Divisio
301 3376 367 3445 est,
396 3391 455 3452 per
476 3389 570 3453 quam
592 3367 772 3451 aperimus,
806 3367 882 3452 quid
904 3368 1089 3444 conveniat,
1113 3369 1189 3454 quid
1210 3369 1243 3432 in
1265 3368 1482 3433 controversia

231 3644 256 3694 1.
276 3644 308 3695 de
317 3657 345 3695 re
354 3657 445 3698 omnes
455 3647 555 3706 nostrl:
574 3647 606 3697 de
616 3648 712 3710 reipsa
725 3658 784 3699 curn
797 3644 848 3696 lid.
861 3643 938 3697 tert.
950 3644 1011 3697 Sob.
1031 3645 1078 3697 list
1087 3646 1166 3710 giers.
1178 3667 1212 3682 -
1229 3645 1257 3698 Ξ.
1272 3644 1318 3696 ted
1329 3644 1483 3697 uniunt.

161 3738 194 3750 -
211 3714 279 3765 iliud
296 3729 379 3766 uuum
396 3717 498 3767 Alili'l.
519 3743 550 3754 -
569 3717 597 3768 lt.
616 3718 780 3769 commodari
797 3716 854 3767 ΔΤ.
870 3742 899 3754 -
918 3717 945 3769 5.
964 3719 998 3767 iis
1016 3717 1037 3768 l.
1057 3725 1083 3769 et
1101 3718 1160 3768 tort.
1180 3718 1223 3767 n:
1243 3718 1282 3766 iris
1294 3717 1439 3769 tantun.
1452 3740 1484 3754 -

161 3784 188 3835 9.
209 3793 277 3836 certe
295 3780 409 3838 lirnc'stll
429 3800 535 3850 operae.
547 3813 579 3826 -
599 3789 642 3838 10.
663 3795 701 3839 est
719 3793 749 3841 iu
766 3787 959 3838 consultatione
978 3788 1049 3851 quod
1066 3789 1142 3840 babet
1159 3787 1316 3838 elenau:
1341 3793 1392 3842 ert.
1413 3787 1486 3852 quod

160 3858 191 3906 iu
208 3857 398 3908 coruuitotione
413 3860 532 3921 positum
549 3857 625 3909 babet
644 3859 676 3911 ll.
696 3886 729 3898 -
758 3861 802 3910 11.
822 3856 856 3921 et]
875 3859 916 3908 oet
933 3859 990 3909 nn.
1012 3885 1040 3897 -
1071 3862 1188 3922 positum
1207 3864 1244 3910 est
1259 3863 1288 3909 iu
1305 3860 1485 3911 controuersia

161 3931 186 3976 tt
203 3928 272 3988 quod
290 3928 365 3978 babet
382 3927 445 3986 PB,
470 3931 588 3994 positum
615 3937 653 3981 ert
676 3932 706 3982 iu
728 3930 908 3981 controuersia
931 3930 1001 3993 quod
1025 3930 1099 3980 babet
1115 3930 1170 3980 AF.
1190 3955 1223 3967 -
1258 3931 1300 3981 15.
1320 3932 1483 3992 memoriam,

158 3999 403 4061 proruuutictiouem
428 3999 576 4050 PABFRT:
606 4003 761 4052 memorium
787 4005 812 4050 et
835 4001 1085 4063 pronatutiutiouem
1109 4002 1141 4051 li.
1171 4027 1205 4037 -
1235 4001 1279 4051 18.
1309 4001 1373 4064 quid
1391 4001 1486 4063 quibus

162 4068 227 4117 tocie
244 4067 306 4118 lilia
325 4071 387 4133 quid
405 4071 499 4133 quibus
515 4074 544 4122 iu
562 4069 625 4121 locis
642 4071 704 4133 Ali,
733 4071 796 4137 quid
813 4071 955 4135 quibusque
972 4071 1037 4120 locis
1055 4071 1091 4131 Ρ,
1121 4073 1212 4137 quibus
1230 4070 1344 4137 quidque
1361 4072 1426 4121 tocie
1444 4072 1483 4132 li,

161 4151 214 4202 quo
232 4140 348 4204 quidque
365 4140 421 4191 ioco
439 4141 472 4193 Τ.
492 4166 524 4179 -
543 4140 587 4191 2⁴.
608 4140 738 4208 ditiqeutt]
758 4141 861 4191 &caudi
877 4142 940 4202 AF,
961 4142 1093 4206 detiqeudi
1111 4141 1223 4194 Grutero
1241 4150 1350 4193 auctore
1369 4143 1431 4192 Scb.
1452 4167 1485 4178 -

161 4209 206 4258 25.
225 4210 361 4260 ualeamus
378 4211 454 4261 PBT.
477 4237 506 4249 -
527 4211 571 4262 2⁵1.
592 4215 731 4262 conueniat
748 4212 810 4272 lili,
831 4212 886 4261 liri.
907 4212 941 4263 Ut
958 4226 1025 4271 nos,
1045 4213 1174 4274 PAFTE,
1195 4229 1226 4265 en
1245 4226 1275 4266 ea
1295 4215 1485 4265 consecutione

162 4287 331 4340 temporum,
352 4295 420 4344 quae
439 4285 559 4343 scriptori
579 4283 627 4345 ipsi
648 4282 776 4344 placuisse
796 4282 908 4334 ridetur.
928 4307 959 4320 -
989 4283 1075 4334 Locus
1093 4289 1158 4336 mtre
1186 4286 1317 4338 turbatus.
1363 4283 1430 4337 llltbt
1456 4288 1487 4333 ut

164 4348 288 4402 Scbtttzlo
315 4364 345 4403 ec
364 4352 548 4405 Lindemanno
568 4354 654 4416 placet
670 4353 727 4405 Pal.
748 4357 824 4417 primi
851 4353 889 4403 od
913 4354 1105 4416 iacentium,
1135 4356 1228 4407 collata
1255 4354 1284 4420 δ.
1310 4357 1338 4408 i.
1364 4354 1487 4419 quemad-

161 4420 268 4470 modum
283 4423 369 4484 possit
387 4427 476 4475 oratio
494 4424 531 4474 od
547 4425 679 4475 rationem
697 4425 814 4474 oratoris
832 4422 912 4490 officii
937 4426 1132 4476 accommodari
1149 4427 1188 4489 P,
1220 4429 1368 4492 quemadm.
1397 4428 1486 4476 oratio

163 4491 199 4538 cd
224 4494 355 4543 rationem
375 4497 463 4558 pouit
490 4493 572 4561 officii
593 4495 710 4545 oratoris
736 4495 932 4546 accommodari
954 4497 996 4557 A,
1027 4498 1175 4560 queamdm.
1201 4498 1291 4565 officio
1314 4499 1431 4547 oratoris
1450 4495 1487 4546 cd

163 4562 312 4612 orationem
329 4564 525 4617 accommodari
540 4568 644 4629 possint
663 4565 704 4622 li,
736 4566 884 4630 quemodm.
907 4567 944 4617 cd
968 4568 1102 4618 rationem
1123 4571 1226 4633 possint
1251 4570 1337 4635 officio
1356 4568 1488 4617 orationis

163 4627 292 4693 (oratoris
309 4632 389 4700 corr.)
407 4637 603 4707 (accommodari
622 4635 659 4697 F,
685 4637 831 4699 quemdum.
848 4639 931 4698 possit
947 4639 984 4687 od
1001 4641 1150 4689 orationem
1167 4642 1282 4692 oratoris
1304 4638 1419 4704 officium
1444 4651 1487 4690 uu·

164 4702 328 4754 commodari
345 4706 384 4760 n,
416 4707 567 4773 quemodm.
593 4707 629 4757 od
652 4709 798 4758 orationem
814 4710 918 4769 poutnt
935 4707 1021 4774 officio
1040 4715 1155 4762 oratoris
1173 4709 1369 4762 accommodari
1387 4708 1419 4757 Τ.
1454 4731 1486 4746 -·

164 4770 208 4824 aa.
228 4774 257 4822 in
276 4782 336 4826 ante
355 4789 379 4828 r.
400 4780 538 4829 moritum
557 4792 609 4829 orn.
630 4777 707 4829 dliii.
735 4801 768 4815 -
798 4776 843 4829 st.
871 4778 1004 4829 auditoris
1028 4781 1068 4832 vet
1092 4778 1152 4844 (out
1175 4779 1230 4851 Ali)
1256 4780 1429 4834 constituitur
1445 4779 1487 4834 uei

163 4837 200 4906 (rt
216 4839 271 4909 AF)
292 4853 444 4909 apparetur
461 4850 497 4902 ud
514 4847 637 4903 Panna.
673 4848 708 4902 Ut
724 4861 790 4912 nos,
809 4848 834 4903 li
852 4856 879 4904 et
897 4849 962 4903 Cod·
981 4850 1124 4920 bntsburg.
