3232 5392
663 204 695 269 C.
717 203 770 267 41.
793 203 846 266 11.
870 202 922 267 te.
1391 199 1454 265 387

130 385 235 432 meum
257 360 407 429 iudicium
430 360 529 428 multo
550 363 650 446 magis
671 357 823 425 confirmo
846 357 1025 426 testimonio
1049 365 1081 423 et
1108 355 1225 421 iudicio
1254 363 1324 433 tuo:
1363 355 1456 424 simul

130 460 207 525 illud
234 461 375 543 gaudeo,
410 447 496 541 quod
524 466 557 520 et
585 453 756 542 aequalitas
785 463 887 519 vestra
918 463 950 519 et
978 474 1070 540 pares
1099 453 1256 517 honorum
1286 454 1401 534 gradum
1424 458 1456 516 et

131 556 244 618 artium
272 553 512 636 studiorumque
541 549 630 636 quasi
658 547 786 613 finitima
814 548 957 613 vicinitas
985 554 1104 612 tantum
1127 547 1217 610 abest
1238 540 1276 608 ab
1300 541 1455 608 obtrecta-

132 647 217 713 tione
240 655 272 711 et
293 647 426 721 invidia,
466 664 546 731 quae
569 640 648 707 solet
669 644 809 707 lacerare
831 645 1018 728 plerosque,
1055 649 1090 705 ut
1118 661 1156 704 ea
1181 659 1244 704 non
1272 640 1367 703 modo
1389 658 1453 702 non

131 743 316 806 exulcerare
338 747 472 804 vestram
494 738 624 822 gratiam
656 733 710 799 sed
744 735 838 801 etiam
866 734 1033 800 conciliare
1055 736 1210 799 videatur.
1256 732 1348 810 Quali
1370 733 1477 796 enims

131 845 162 898 tc
185 854 259 918 erga
280 832 370 898 illum
392 829 569 917 perspicio,
608 828 660 893 tali
689 831 778 894 illum
808 832 840 894 in
868 837 898 894 te
926 829 1086 894 voluntate
1108 826 1285 914 iudicioque
1308 828 1453 912 cognovi.

133 930 202 992 157.
226 929 335 1012 Itaque
357 925 450 990 doleo
474 934 505 989 et
525 922 607 988 illius
630 921 761 987 consilio
780 931 811 987 et
824 932 877 988 tua
893 944 969 989 voce
984 922 1136 1008 populum
1152 925 1329 987 Romanum
1344 941 1455 986 carere

133 1033 194 1088 tam
208 1018 278 1085 diu:
302 1022 388 1105 quod
403 1039 473 1083 cum
488 1038 545 1103 per
567 1037 601 1081 se
623 1015 794 1082 dolendum
817 1024 880 1091 est,
901 1024 967 1080 tum
989 1018 1089 1082 multo
1111 1018 1210 1099 magu
1232 1015 1454 1091 consideranti,

132 1117 170 1179 ed
193 1135 273 1199 quos
296 1117 354 1179 ista
376 1132 440 1178 non
462 1110 608 1176 translata
631 1112 708 1185 sint,
745 1113 802 1175 sed
825 1109 932 1175 nescio
954 1131 1018 1196 quo
1040 1119 1132 1194 pacto
1156 1109 1351 1176 devenerint.
1397 1107 1457 1174 llic

130 1209 264 1283 Atticus,
287 1206 452 1282 Dixeram‚
475 1205 595 1290 inquit,
619 1226 636 1269 a
659 1204 831 1291 principio,
863 1207 903 1269 de
925 1226 960 1268 re
982 1203 1108 1290 publica
1130 1213 1164 1270 ut
1186 1208 1366 1271 sileremus:
1396 1204 1494 1270 ita-¹⁰

131 1323 191 1388 que
209 1299 371 1365 iaciamus.
416 1303 511 1375 Nam,
535 1303 560 1366 si
575 1302 635 1366 isto
651 1297 746 1365 modo
768 1299 913 1364 volumus
935 1298 1072 1382 singulas
1095 1319 1146 1363 res
1168 1298 1368 1376 desiderare,
1392 1320 1456 1364 non

132 1392 226 1460 modo
249 1396 403 1480 querendi
430 1396 485 1458 sed
517 1416 557 1458 ne
579 1396 706 1479 lugendi
730 1392 857 1478 quidem
878 1390 973 1457 sanem
995 1392 1201 1478 reperiemus.
1246 1397 1359 1459 XLIII.
1386 1397 1456 1460 153.

130 1492 300 1573 Pergamus
323 1509 419 1572 ergo,
442 1487 587 1572 inquam,
613 1491 652 1552 ad
674 1487 795 1573 reliqua
817 1496 848 1551 ct
868 1487 1041 1550 institutum
1056 1487 1200 1552 ordinem
1215 1508 1454 1574 persequamur.

130 1587 257 1648 Paratus
279 1581 374 1667 igitur
395 1580 540 1647 veniebat
562 1585 707 1655 Crassus,
731 1582 988 1667 exspectabatur,
1021 1580 1225 1662 audiebatur3
1260 1605 1280 1648 a
1302 1582 1457 1670 principio

130 1679 246 1752 statim,
281 1676 366 1762 quod
393 1687 461 1741 erat
489 1674 571 1759 apud
601 1696 672 1740 eum
701 1696 827 1758 semper
855 1681 1049 1749 accuratum,
1084 1676 1314 1761 exspectatione
1343 1675 1494 1761 dignus¹⁵

129 1771 312 1850 videbatur3
337 1791 400 1836 non
422 1769 519 1834 multa
540 1769 666 1833 iactatio
689 1768 849 1855 corporis,
873 1789 937 1833 non
958 1769 1119 1836 inclinatio
1135 1772 1235 1845 vocis,
1258 1770 1342 1837 nulla
1358 1773 1457 1835 inam·

130 1866 267 1942 bulatio,
302 1887 366 1930 non
397 1866 510 1928 crebra
538 1862 699 1949 supplosio
726 1861 832 1948 pedis;
866 1863 1038 1926 vehemens
1065 1871 1097 1928 ct
1127 1863 1284 1929 interdum
1317 1869 1397 1930 irata
1425 1872 1458 1930 et

129 1964 223 2048 plena
249 1959 323 2024 iusti
349 1956 469 2024 doloris
497 1958 618 2033 oratio,
653 1956 768 2022 multae
790 1964 822 2022 et
844 1979 915 2021 cum
942 1960 1094 2039 gravitate
1122 1960 1270 2037 facetiam
1307 1958 1455 2045 quodque

130 2055 257 2122 difficile
281 2063 346 2130 est,
381 2050 465 2118 idem
488 2062 520 2117 et
540 2060 728 2134 perornatus
752 2061 783 2115 et
803 2048 976 2136 perbrevis.
1021 2055 1092 2117 159.
1126 2056 1191 2117 Iam
1221 2055 1253 2116 in
1276 2052 1456 2118 altercando

130 2150 248 2218 invenit
278 2170 387 2236 parem
417 2145 592 2211 neminem:
627 2152 768 2210 versatus
796 2155 844 2210 est
871 2144 904 2209 in
933 2147 1018 2209 omni
1045 2148 1113 2212 fere
1142 2167 1257 2232 genere
1280 2167 1496 2227 causaremur

130 2254 251 2310 mature
277 2246 310 2306 in
336 2241 440 2307 locum
467 2238 651 2322 principum
679 2248 840 2304 oratorum
870 2237 965 2303 venit.
1010 2244 1174 2307 Accusavit
1203 2245 1237 2308 C.
1260 2244 1456 2320 Carbonem,

131 2337 422 2423 eloquentissimum
443 2332 622 2422 hominem,
655 2331 823 2399 admodum
845 2335 1046 2401 adolescens:
1080 2357 1233 2401 summam
1255 2339 1372 2421 ingenii
1394 2359 1459 2404 non

129 2434 255 2497 laudem
282 2432 392 2504 modo,
427 2429 483 2491 sed
512 2425 605 2490 etiam
633 2428 872 2492 admirationem
895 2442 942 2496 est
963 2439 1160 2497 consecutus.
1206 2434 1278 2497 160.
1312 2430 1461 2496 Defendit

130 2535 243 2609 postea
270 2523 421 2588 Liciniam
448 2521 617 2604 virginem,
652 2542 723 2585 cum
753 2541 852 2586 annos
881 2543 994 2591 xxvrr.
1024 2532 1114 2588 natus
1139 2533 1231 2588 esset.
1275 2529 1310 2590 ln
1332 2545 1370 2589 ea
1391 2524 1459 2610 ipsa

130 2640 223 2685 causa
244 2617 304 2683 luit
326 2613 600 2702 eloquentissimus
622 2615 836 2701 orationisque
858 2617 926 2683 eius
948 2619 1081 2701 scriptas
1096 2621 1247 2703 quasdam
1263 2627 1368 2702 partes
1383 2618 1497 2684 reli-ss

130 2714 206 2800 quit
247 2711 356 2778 Voluit
381 2709 564 2774 adolescens
592 2708 625 2773 in
648 2708 773 2786 colonia
794 2712 991 2778 Narbonensi
1014 2733 1129 2776 causae
1151 2715 1316 2798 popularis
1338 2714 1458 2800 aliquid

130 2809 284 2894 attingere
318 2825 451 2891 eamque
481 2802 656 2880 coloniam,
694 2813 729 2866 ut
753 2800 845 2880 lecit,
880 2808 949 2890 ipse
978 2809 1147 2872 deducere.
1192 2811 1300 2874 Exstat
1328 2811 1360 2874 in
1389 2829 1460 2875 eam

85 2926 91 2934 ¹
130 2901 232 2987 legem
258 2901 382 2976 senior,
414 2906 449 2962 ut
477 2900 520 2962 ita
550 2896 673 2973 dicam,
707 2918 801 2980 quam
829 2907 915 2966 aetas
937 2901 990 2969 illa
1010 2903 1151 2978 ferebat,
1186 2901 1301 2968 oratio.
1342 2902 1459 2970 Multae

131 2995 245 3061 deinde
266 3014 396 3070 causae;
420 2989 476 3055 sed
497 2992 542 3054 ita
564 2992 675 3055 tacitus
698 2989 894 3070 tribunatus,
916 3004 968 3072 ut,
992 2994 1053 3061 nisi
1074 2997 1106 3060 in
1128 3016 1168 3061 eo
1186 2997 1370 3080 magistratu
1385 3020 1460 3065 coe·

130 3092 267 3155 nevisset
295 3090 379 3172 apud
406 3104 596 3171 praeconem
619 3086 768 3150 Granium
791 3088 887 3171 idque
909 3089 1001 3155 nobis
1023 3089 1072 3155 bis
1095 3093 1284 3156 narravisset
1305 3092 1498 3168 Lucilius,sc

129 3183 290 3250 tribunum
311 3180 354 3268 pl.
373 3179 564 3245 nesciremus
585 3178 692 3245 luisse.
740 3184 811 3245 161.
836 3185 883 3248 Ita
903 3205 1047 3268 prorsus,
1070 3184 1173 3269 inquit
1185 3189 1319 3252 Brutus:
1346 3189 1457 3254 sedne

131 3283 171 3345 dc
193 3279 364 3345 Scaevolae
387 3272 513 3359 quidem
536 3272 696 3339 tribunatu
718 3274 888 3361 quidquam
907 3281 1062 3345 audivisse
1078 3277 1206 3355 videor,
1231 3289 1349 3345 etcum
1364 3280 1460 3347 colle·

130 3394 203 3460 gam
225 3374 327 3440 Crassi
348 3369 443 3436 credo
465 3366 573 3433 luisse.
619 3367 773 3435 Omnibus
796 3371 922 3454 quidem
944 3373 1030 3449 aliis,
1064 3375 1211 3460 inquam,
1241 3373 1276 3437 in
1296 3374 1460 3461 magistra-

130 3470 231 3544 tibus,
254 3469 311 3532 sed
333 3467 475 3530 tribunus
497 3483 580 3528 anno
602 3471 674 3545 post
695 3464 770 3542 suit,
793 3484 896 3553 eoque
918 3469 950 3532 in
971 3468 1091 3533 Rostris
1112 3470 1242 3533 sedente
1267 3468 1363 3534 suasit
1385 3471 1459 3534 Ser-

130 3562 236 3628 viliam
258 3561 362 3646 legem
384 3564 523 3629 Crassus.
566 3562 642 3623 Nam
665 3580 828 3626 censuram
850 3564 918 3627 sine
944 3561 1093 3628 Scaevola
1122 3566 1219 3648 gessit
1226 3586 1236 3643 ;
1271 3585 1343 3629 eum
1372 3567 1496 3631 enimes

131 3657 344 3741 magIstratum
372 3674 465 3719 nemo
495 3673 631 3738 unquam
662 3653 884 3721 Scaevolarum
909 3659 1031 3740 petivit.
1078 3659 1140 3722 Sed
1162 3656 1239 3723 baec
1262 3661 1364 3725 Crassi
1387 3679 1460 3726 cum

131 3753 215 3816 edita
236 3751 337 3815 oratio
361 3757 423 3825 est,
452 3768 547 3832 quam
569 3756 600 3812 te
623 3767 717 3831 saepe
739 3747 852 3834 legisse
874 3760 961 3816 certo
983 3753 1068 3828 scio,
1104 3760 1253 3838 quattuor
1275 3761 1308 3818 et
1328 3751 1461 3839 triginta

130 3857 197 3914 tum
225 3843 360 3911 babebat
388 3863 487 3907 annos
510 3840 702 3929 totidemque
723 3844 814 3908 annis
837 3846 912 3910 mihi
934 3853 1035 3910 aetate
1057 3844 1250 3928 praestabat.
1293 3850 1350 3913 His
1372 3849 1457 3913 enim

131 3937 312 4006 consulibus
341 3959 410 4004 eam
441 3936 543 4022 legem
571 3939 686 4014 suasit,
723 3937 839 4025 quibus
868 3938 934 4004 nati
963 3960 1086 4015 sumus,
1123 3961 1194 4007 oum
1220 3939 1287 4028 ipse
1310 3951 1393 4008 esset
1415 3943 1456 4020 Q.

132 4034 291 4122 Caepione
313 4032 441 4099 consule
463 4041 555 4098 natus
577 4040 609 4097 et
631 4034 665 4098 C.
679 4031 805 4109 Laelio,
829 4034 965 4098 triennio
981 4036 1049 4120 ipso
1065 4034 1171 4101 minor
1185 4057 1277 4122 quam
1293 4037 1502 4116 1111111111
1553 4024 1558 4043 '

132 4132 226 4206 Quod
255 4128 373 4194 idcirco
403 4130 515 4214 posui,
550 4136 602 4204 ut,
635 4125 759 4192 dicendi
781 4127 891 4194 Latine
911 4131 1012 4212 prima
1034 4129 1196 4197 maturitas
1218 4130 1251 4196 in
1273 4152 1335 4217 qua
1356 4137 1458 4196 aetate

132 4224 316 4299 exstitisset,
349 4233 456 4307 posset
481 4223 582 4288 notari
613 4229 645 4286 et
671 4222 902 4306 intelligeretur
928 4222 991 4288 iam
1020 4228 1059 4290 ad
1087 4246 1244 4291 summum
1266 4244 1367 4308 paene
1388 4245 1458 4290 esse

132 4318 331 4403 perductam,
354 4327 448 4383 uteo
470 4316 548 4380 nibil
569 4317 669 4381 ferme
692 4318 855 4402 quisquam
879 4315 994 4384 addere
1015 4329 1142 4406 posset,
1166 4319 1225 4385 nisi
1247 4319 1301 4404 qui
1322 4320 1458 4402 aphilo·

199 4492 226 4542 1.
246 4497 272 4541 et
287 4491 393 4541 tractatio
411 4489 469 4539 ltbrl
489 4495 590 4540 tentum
610 4501 663 4539 nou
683 4500 790 4539 omnen
809 4489 962 4552 inuidiaque
979 4490 1042 4554 Lag.
1056 4491 1100 4541 2⁰.
1122 4492 1202 4551 ll(re
1221 4505 1299 4549 verr,
1320 4503 1389 4543 none
1410 4495 1458 4542 «nt

132 4565 170 4613 111
187 4563 313 4614 nivino:
340 4557 464 4621 Peten),
497 4558 589 4609 Lemb.
611 4559 642 4608 Ε.
667 4584 700 4595 -
729 4566 760 4609 ut
779 4572 811 4609 eo
829 4561 998 4612 Sebueutus:
1030 4566 1059 4610 ut
1081 4564 1110 4610 in
1127 4575 1159 4611 11
1178 4562 1235 4612 ltbrt
1255 4562 1337 4621 etlt,
1368 4562 1458 4613 11111

132 4634 327 4684 11111.11.-
358 4632 401 4681 le.
422 4630 565 4693 quaerendi
590 4628 675 4679 Codd.
700 4630 835 4689 nonnulli,
865 4631 979 4694 Herrrg.
1006 4631 1075 4681 Edd.
1101 4639 1162 4682 ante
1187 4631 1207 4681 lt
1233 4642 1343 4692 excepto
1362 4632 1456 4684 1111.

133 4703 254 4756 Correxit
271 4716 302 4754 er
321 4701 344 4750 11
363 4701 394 4750 Ε.
431 4699 500 4750 Illud
526 4699 654 4760 probabat
678 4700 838 4764 Heusinger.
867 4725 898 4738 -
929 4701 972 4750 20.
989 4713 1082 4763 parem
1099 4703 1201 4752 1111111
1218 4715 1277 4753 curn
1296 4702 1329 4752 n.
1356 4702 1409 4754 Ga.
1428 4704 1456 4754 1.

132 4774 219 4826 Peter.
239 4798 273 4811 -
291 4771 336 4822 18.
356 4769 537 4823 1111111111).
552 4770 598 4834 Lg.
615 4783 717 4823 omnes.
732 4771 825 4822 (11.1.
839 4771 867 4821 2.
886 4771 1029 4824 bresdm:
1048 4773 1095 4821 dtu
1108 4777 1183 4824 octos
1197 4781 1255 4833 pest
1267 4772 1415 4836 Stephanos
1424 4773 1456 4826 11.

133 4867 166 4884 -
186 4847 229 4898 ³0.
249 4843 375 4898 11111111
388 4841 438 4896 liu.
454 4842 481 4893 2.
501 4840 597 4895 breed.
612 4866 642 4880 -
663 4856 715 4895 om.
730 4842 768 4894 111
781 4842 819 4904 11,
838 4843 931 4895 bamb.
945 4867 979 4879 -
996 4841 1041 4893 38.
1062 4843 1087 4895 11
1100 4845 1138 4906 n,
1152 4844 1189 4895 111
1201 4843 1348 4908 Corradus,
1366 4845 1455 4898 Beier.
