<?xml version="1.0" encoding="UTF-8"?>
<!DOCTYPE html PUBLIC "-//W3C//DTD XHTML 1.0 Transitional//EN"
    "http://www.w3.org/TR/xhtml1/DTD/xhtml1-transitional.dtd">
<html xmlns="http://www.w3.org/1999/xhtml" xml:lang="en" lang="en">
 <head>
  <title>
</title>
<meta http-equiv="Content-Type" content="text/html;charset=utf-8" />
  <meta name='ocr-system' content='tesseract 3.04.00' />
  <meta name='ocr-capabilities' content='ocr_page ocr_carea ocr_par ocr_line ocrx_word'/>
</head>
<body>
  <div class='ocr_page' id='page_1' title='image "./operaquaesupers04halmgoog/operaquaesupers04halmgoog_0148.png"; bbox 0 0 3232 5392; ppageno 0'>
   <div class='ocr_carea' id='block_1_1' title="bbox 553 301 1397 375">
    <p class='ocr_par' dir='ltr' id='par_1_1' title="bbox 553 301 1397 375">
     <span class='ocr_line' id='line_1_1' title="bbox 553 301 1397 375; baseline 0.011 -10"><span class='ocrx_word' id='word_1_1' title='bbox 553 303 629 368; x_wconf 85' lang='lat' dir='ltr'><strong>LIB.</strong></span> <span class='ocrx_word' id='word_1_2' title='bbox 652 303 692 370; x_wconf 90' lang='lat'><strong>11.</strong></span> <span class='ocrx_word' id='word_1_3' title='bbox 736 301 769 367; x_wconf 83' lang='lat' dir='ltr'><strong>C.</strong></span> <span class='ocrx_word' id='word_1_4' title='bbox 792 303 822 368; x_wconf 80' lang='grc'><strong>6.</strong></span> <span class='ocrx_word' id='word_1_5' title='bbox 844 304 875 370; x_wconf 86' lang='grc'><strong>7.</strong></span> <span class='ocrx_word' id='word_1_6' title='bbox 897 305 929 370; x_wconf 89' lang='grc'><strong>8.</strong></span> <span class='ocrx_word' id='word_1_7' title='bbox 1338 309 1397 375; x_wconf 81' lang='grc'><strong>133</strong></span> 
     </span>
    </p>
   </div>
   <div class='ocr_carea' id='block_1_2' title="bbox 70 459 1443 4230">
    <p class='ocr_par' dir='ltr' id='par_1_2' title="bbox 70 459 1443 4230">
     <span class='ocr_line' id='line_1_2' title="bbox 70 459 1399 549; baseline 0.004 -20"><span class='ocrx_word' id='word_1_8' title='bbox 70 468 150 529; x_wconf 86' lang='lat' dir='ltr'><strong>Nam</strong></span> <span class='ocrx_word' id='word_1_9' title='bbox 179 459 285 549; x_wconf 90' lang='lat' dir='ltr'><strong>opinio</strong></span> <span class='ocrx_word' id='word_1_10' title='bbox 315 460 482 548; x_wconf 78' lang='lat' dir='ltr'>dupliciter</span> <span class='ocrx_word' id='word_1_11' title='bbox 510 460 588 527; x_wconf 91' lang='lat' dir='ltr'><strong>lallit</strong></span> <span class='ocrx_word' id='word_1_12' title='bbox 617 460 775 538; x_wconf 87' lang='lat' dir='ltr'><strong>homines,</strong></span> <span class='ocrx_word' id='word_1_13' title='bbox 809 483 880 529; x_wconf 91' lang='lat' dir='ltr'><strong>cum</strong></span> <span class='ocrx_word' id='word_1_14' title='bbox 909 472 962 530; x_wconf 92' lang='lat' dir='ltr'><strong>aut</strong></span> <span class='ocrx_word' id='word_1_15' title='bbox 988 485 1041 532; x_wconf 91' lang='lat' dir='ltr'><strong>res</strong></span> <span class='ocrx_word' id='word_1_16' title='bbox 1067 463 1233 532; x_wconf 81' lang='lat' dir='ltr'><strong>aliusmodi</strong></span> <span class='ocrx_word' id='word_1_17' title='bbox 1262 474 1325 540; x_wconf 88' lang='lat' dir='ltr'><strong>est,</strong></span> <span class='ocrx_word' id='word_1_18' title='bbox 1361 488 1399 534; x_wconf 91' lang='lat' dir='ltr'><strong>ac</strong></span> 
     </span>
     <span class='ocr_line' id='line_1_3' title="bbox 72 556 1400 646; baseline 0.001 -20"><span class='ocrx_word' id='word_1_19' title='bbox 72 565 217 646; x_wconf 84' lang='lat' dir='ltr'><strong>putatur,</strong></span> <span class='ocrx_word' id='word_1_20' title='bbox 239 564 376 622; x_wconf 89' lang='lat' dir='ltr'><strong>autnon</strong></span> <span class='ocrx_word' id='word_1_21' title='bbox 398 556 426 622; x_wconf 90' lang='lat' dir='ltr'><strong>is</strong></span> <span class='ocrx_word' id='word_1_22' title='bbox 448 567 578 622; x_wconf 86' lang='lat' dir='ltr'><strong>evcntus</strong></span> <span class='ocrx_word' id='word_1_23' title='bbox 600 564 662 632; x_wconf 90' lang='lat' dir='ltr'><strong>est,</strong></span> <span class='ocrx_word' id='word_1_24' title='bbox 686 578 780 644; x_wconf 90' lang='lat' dir='ltr'><strong>quem</strong></span> <span class='ocrx_word' id='word_1_25' title='bbox 801 558 944 624; x_wconf 89' lang='lat' dir='ltr'><strong>arbitrati</strong></span> <span class='ocrx_word' id='word_1_26' title='bbox 967 570 1049 626; x_wconf 89' lang='lat' dir='ltr'><strong>sunt.</strong></span> <span class='ocrx_word' id='word_1_27' title='bbox 1093 565 1155 627; x_wconf 82' lang='lat' dir='ltr'><strong>Res</strong></span> <span class='ocrx_word' id='word_1_28' title='bbox 1170 559 1336 627; x_wconf 83' lang='lat' dir='ltr'><strong>aliusmodi</strong></span> <span class='ocrx_word' id='word_1_29' title='bbox 1351 570 1400 628; x_wconf 85' lang='lat' dir='ltr'><strong>est</strong></span> 
     </span>
     <span class='ocr_line' id='line_1_4' title="bbox 71 649 1399 743; baseline 0 -22"><span class='ocrx_word' id='word_1_30' title='bbox 71 665 155 730; x_wconf 89' lang='lat' dir='ltr'><strong>tum,</strong></span> <span class='ocrx_word' id='word_1_31' title='bbox 188 673 260 720; x_wconf 90' lang='lat' dir='ltr'><strong>cum</strong></span> <span class='ocrx_word' id='word_1_32' title='bbox 281 658 335 717; x_wconf 89' lang='lat' dir='ltr'><strong>aut</strong></span> <span class='ocrx_word' id='word_1_33' title='bbox 354 649 405 727; x_wconf 90' lang='lat' dir='ltr'><strong>id,</strong></span> <span class='ocrx_word' id='word_1_34' title='bbox 435 651 521 737; x_wconf 94' lang='lat' dir='ltr'><strong>quod</strong></span> <span class='ocrx_word' id='word_1_35' title='bbox 540 649 659 716; x_wconf 92' lang='lat' dir='ltr'><strong>bonum</strong></span> <span class='ocrx_word' id='word_1_36' title='bbox 687 658 743 726; x_wconf 82' lang='lat' dir='ltr'><strong>est,</strong></span> <span class='ocrx_word' id='word_1_37' title='bbox 769 650 884 717; x_wconf 91' lang='lat' dir='ltr'><strong>malum</strong></span> <span class='ocrx_word' id='word_1_38' title='bbox 913 661 1041 740; x_wconf 90' lang='lat' dir='ltr'><strong>putant;</strong></span> <span class='ocrx_word' id='word_1_39' title='bbox 1080 662 1133 719; x_wconf 91' lang='lat' dir='ltr'><strong>aut</strong></span> <span class='ocrx_word' id='word_1_40' title='bbox 1161 663 1286 730; x_wconf 89' lang='lat' dir='ltr'><strong>contra,</strong></span> <span class='ocrx_word' id='word_1_41' title='bbox 1314 653 1399 743; x_wconf 91' lang='lat' dir='ltr'><strong>quod</strong></span> 
     </span>
     <span class='ocr_line' id='line_1_5' title="bbox 72 746 1399 831; baseline -0.002 -14"><span class='ocrx_word' id='word_1_42' title='bbox 72 750 189 817; x_wconf 89' lang='lat' dir='ltr'><strong>malum</strong></span> <span class='ocrx_word' id='word_1_43' title='bbox 211 755 273 823; x_wconf 90' lang='lat' dir='ltr'><strong>est,</strong></span> <span class='ocrx_word' id='word_1_44' title='bbox 296 750 430 825; x_wconf 90' lang='lat' dir='ltr'><strong>bouum;</strong></span> <span class='ocrx_word' id='word_1_45' title='bbox 466 754 520 812; x_wconf 90' lang='lat' dir='ltr'><strong>aut</strong></span> <span class='ocrx_word' id='word_1_46' title='bbox 541 749 626 831; x_wconf 93' lang='lat' dir='ltr'><strong>quod</strong></span> <span class='ocrx_word' id='word_1_47' title='bbox 648 766 706 810; x_wconf 92' lang='lat' dir='ltr'><strong>nec</strong></span> <span class='ocrx_word' id='word_1_48' title='bbox 731 746 846 810; x_wconf 92' lang='lat' dir='ltr'><strong>malum</strong></span> <span class='ocrx_word' id='word_1_49' title='bbox 868 758 930 825; x_wconf 89' lang='lat' dir='ltr'><strong>est,</strong></span> <span class='ocrx_word' id='word_1_50' title='bbox 963 769 1021 814; x_wconf 91' lang='lat' dir='ltr'><strong>nec</strong></span> <span class='ocrx_word' id='word_1_51' title='bbox 1041 747 1178 826; x_wconf 91' lang='lat' dir='ltr'><strong>bonum,</strong></span> <span class='ocrx_word' id='word_1_52' title='bbox 1202 750 1318 816; x_wconf 91' lang='lat' dir='ltr'><strong>malum</strong></span> <span class='ocrx_word' id='word_1_53' title='bbox 1345 758 1399 815; x_wconf 88' lang='lat' dir='ltr'><strong>aut</strong></span> 
     </span>
     <span class='ocr_line' id='line_1_6' title="bbox 74 840 1421 927; baseline -0.003 -15"><span class='ocrx_word' id='word_1_54' title='bbox 74 851 208 922; x_wconf 87' lang='lat' dir='ltr'><strong>bonnm;</strong></span> <span class='ocrx_word' id='word_1_55' title='bbox 243 848 297 907; x_wconf 89' lang='lat' dir='ltr'><strong>aut</strong></span> <span class='ocrx_word' id='word_1_56' title='bbox 322 840 409 927; x_wconf 93' lang='lat' dir='ltr'><strong>quod</strong></span> <span class='ocrx_word' id='word_1_57' title='bbox 439 841 555 907; x_wconf 91' lang='lat' dir='ltr'><strong>malum</strong></span> <span class='ocrx_word' id='word_1_58' title='bbox 591 847 645 906; x_wconf 87' lang='lat' dir='ltr'><strong>aut</strong></span> <span class='ocrx_word' id='word_1_59' title='bbox 673 844 791 906; x_wconf 91' lang='lat' dir='ltr'><strong>bonum</strong></span> <span class='ocrx_word' id='word_1_60' title='bbox 821 850 884 917; x_wconf 87' lang='lat' dir='ltr'><strong>est,</strong></span> <span class='ocrx_word' id='word_1_61' title='bbox 930 863 988 907; x_wconf 91' lang='lat' dir='ltr'><strong>nec</strong></span> <span class='ocrx_word' id='word_1_62' title='bbox 1020 845 1136 911; x_wconf 90' lang='lat' dir='ltr'><strong>malum</strong></span> <span class='ocrx_word' id='word_1_63' title='bbox 1168 864 1228 910; x_wconf 90' lang='lat' dir='ltr'><strong>nec</strong></span> <span class='ocrx_word' id='word_1_64' title='bbox 1260 847 1421 910; x_wconf 82' lang='lat' dir='ltr'><strong>bonums</strong></span> 
     </span>
     <span class='ocr_line' id='line_1_7' title="bbox 74 933 1399 1023; baseline -0.002 -16"><span class='ocrx_word' id='word_1_65' title='bbox 74 946 125 1008; x_wconf 84' lang='grc'><strong>22.</strong></span> <span class='ocrx_word' id='word_1_66' title='bbox 149 942 219 1005; x_wconf 81' lang='lat' dir='ltr'><strong>Hoc</strong></span> <span class='ocrx_word' id='word_1_67' title='bbox 239 934 416 1011; x_wconf 89' lang='lat' dir='ltr'><strong>intellecto,</strong></span> <span class='ocrx_word' id='word_1_68' title='bbox 440 937 466 1000; x_wconf 92' lang='lat' dir='ltr'><strong>si</strong></span> <span class='ocrx_word' id='word_1_69' title='bbox 488 934 543 1020; x_wconf 92' lang='lat' dir='ltr'><strong>qui</strong></span> <span class='ocrx_word' id='word_1_70' title='bbox 564 933 692 1023; x_wconf 79' lang='lat' dir='ltr'><strong>negabit</strong></span> <span class='ocrx_word' id='word_1_71' title='bbox 713 955 782 999; x_wconf 91' lang='lat' dir='ltr'><strong>esse</strong></span> <span class='ocrx_word' id='word_1_72' title='bbox 803 936 899 1000; x_wconf 89' lang='lat' dir='ltr'><strong>ullam</strong></span> <span class='ocrx_word' id='word_1_73' title='bbox 921 939 1085 1019; x_wconf 90' lang='lat' dir='ltr'><strong>pecuniam</strong></span> <span class='ocrx_word' id='word_1_74' title='bbox 1106 937 1211 1003; x_wconf 88' lang='lat' dir='ltr'><strong>fratris</strong></span> <span class='ocrx_word' id='word_1_75' title='bbox 1233 947 1287 1003; x_wconf 92' lang='lat' dir='ltr'><strong>aut</strong></span> <span class='ocrx_word' id='word_1_76' title='bbox 1306 937 1399 1005; x_wconf 91' lang='lat' dir='ltr'><strong>amici</strong></span> 
     </span>
     <span class='ocr_line' id='line_1_8' title="bbox 74 1026 1401 1117; baseline -0.003 -15"><span class='ocrx_word' id='word_1_77' title='bbox 74 1036 136 1103; x_wconf 88' lang='lat' dir='ltr'><strong>vita</strong></span> <span class='ocrx_word' id='word_1_78' title='bbox 158 1041 213 1099; x_wconf 89' lang='lat' dir='ltr'><strong>aut</strong></span> <span class='ocrx_word' id='word_1_79' title='bbox 233 1031 370 1117; x_wconf 86' lang='lat' dir='ltr'><strong>denique</strong></span> <span class='ocrx_word' id='word_1_80' title='bbox 391 1027 497 1095; x_wconf 88' lang='lat' dir='ltr'><strong>officio</strong></span> <span class='ocrx_word' id='word_1_81' title='bbox 520 1026 601 1113; x_wconf 87' lang='lat' dir='ltr'><strong>[suo]</strong></span> <span class='ocrx_word' id='word_1_82' title='bbox 626 1027 836 1116; x_wconf 84' lang='lat' dir='ltr'><strong>antiquiorem</strong></span> <span class='ocrx_word' id='word_1_83' title='bbox 859 1038 912 1095; x_wconf 87' lang='lat' dir='ltr'><strong>aut</strong></span> <span class='ocrx_word' id='word_1_84' title='bbox 934 1031 1129 1108; x_wconf 79' lang='lat' dir='ltr'><strong>suaviorem,</strong></span> <span class='ocrx_word' id='word_1_85' title='bbox 1163 1053 1228 1098; x_wconf 91' lang='lat' dir='ltr'><strong>non</strong></span> <span class='ocrx_word' id='word_1_86' title='bbox 1253 1036 1314 1098; x_wconf 91' lang='lat' dir='ltr'><strong>boc</strong></span> <span class='ocrx_word' id='word_1_87' title='bbox 1340 1033 1401 1098; x_wconf 85' lang='lat' dir='ltr'><strong>erit</strong></span> 
     </span>
     <span class='ocr_line' id='line_1_9' title="bbox 75 1121 1400 1210; baseline -0.002 -14"><span class='ocrx_word' id='word_1_88' title='bbox 75 1129 248 1197; x_wconf 81' lang='lat' dir='ltr'><strong>accusatori</strong></span> <span class='ocrx_word' id='word_1_89' title='bbox 270 1121 459 1210; x_wconf 85' lang='lat' dir='ltr'><strong>negandum.</strong></span> <span class='ocrx_word' id='word_1_90' title='bbox 504 1126 583 1187; x_wconf 87' lang='lat' dir='ltr'><strong>Nam</strong></span> <span class='ocrx_word' id='word_1_91' title='bbox 604 1123 637 1188; x_wconf 91' lang='lat' dir='ltr'><strong>in</strong></span> <span class='ocrx_word' id='word_1_92' title='bbox 659 1144 730 1187; x_wconf 92' lang='lat' dir='ltr'><strong>eum</strong></span> <span class='ocrx_word' id='word_1_93' title='bbox 752 1123 843 1209; x_wconf 90' lang='lat' dir='ltr'><strong>culpa</strong></span> <span class='ocrx_word' id='word_1_94' title='bbox 866 1134 897 1188; x_wconf 86' lang='lat' dir='ltr'><strong>et</strong></span> <span class='ocrx_word' id='word_1_95' title='bbox 917 1145 1074 1191; x_wconf 90' lang='lat' dir='ltr'><strong>summum</strong></span> <span class='ocrx_word' id='word_1_96' title='bbox 1096 1125 1204 1193; x_wconf 89' lang='lat' dir='ltr'><strong>odium</strong></span> <span class='ocrx_word' id='word_1_97' title='bbox 1231 1128 1400 1193; x_wconf 86' lang='lat' dir='ltr'><strong>transfere·</strong></span> 
     </span>
     <span class='ocr_line' id='line_1_10' title="bbox 74 1216 1401 1310; baseline -0.002 -21"><span class='ocrx_word' id='word_1_98' title='bbox 74 1232 140 1298; x_wconf 91' lang='lat' dir='ltr'><strong>tur,</strong></span> <span class='ocrx_word' id='word_1_99' title='bbox 161 1221 291 1310; x_wconf 91' lang='lat' dir='ltr'><strong>quiid,</strong></span> <span class='ocrx_word' id='word_1_100' title='bbox 314 1218 399 1306; x_wconf 92' lang='lat' dir='ltr'><strong>quod</strong></span> <span class='ocrx_word' id='word_1_101' title='bbox 420 1227 483 1283; x_wconf 88' lang='lat' dir='ltr'><strong>tam</strong></span> <span class='ocrx_word' id='word_1_102' title='bbox 505 1238 581 1283; x_wconf 79' lang='lat' dir='ltr'><strong>vere</strong></span> <span class='ocrx_word' id='word_1_103' title='bbox 603 1225 635 1282; x_wconf 90' lang='lat' dir='ltr'><strong>ct</strong></span> <span class='ocrx_word' id='word_1_104' title='bbox 655 1217 707 1303; x_wconf 89' lang='lat' dir='ltr'><strong>pie</strong></span> <span class='ocrx_word' id='word_1_105' title='bbox 729 1216 862 1295; x_wconf 90' lang='lat' dir='ltr'><strong>dicetur,</strong></span> <span class='ocrx_word' id='word_1_106' title='bbox 885 1218 1021 1304; x_wconf 79' lang='lat' dir='ltr'><strong>negabit</strong></span> <span class='ocrx_word' id='word_1_107' title='bbox 1062 1226 1182 1289; x_wconf 89' lang='lat' dir='ltr'><strong>Verum</strong></span> <span class='ocrx_word' id='word_1_108' title='bbox 1203 1220 1279 1287; x_wconf 91' lang='lat' dir='ltr'><strong>illud</strong></span> <span class='ocrx_word' id='word_1_109' title='bbox 1294 1220 1401 1287; x_wconf 85' lang='lat' dir='ltr'><strong>dicen-</strong></span> 
     </span>
     <span class='ocr_line' id='line_1_11' title="bbox 74 1312 1436 1403; baseline -0.003 -19"><span class='ocrx_word' id='word_1_110' title='bbox 74 1317 148 1384; x_wconf 92' lang='lat' dir='ltr'><strong>dum</strong></span> <span class='ocrx_word' id='word_1_111' title='bbox 171 1316 247 1393; x_wconf 89' lang='lat' dir='ltr'><strong>erit,</strong></span> <span class='ocrx_word' id='word_1_112' title='bbox 279 1314 324 1380; x_wconf 93' lang='lat' dir='ltr'><strong>illi</strong></span> <span class='ocrx_word' id='word_1_113' title='bbox 345 1315 388 1379; x_wconf 89' lang='lat' dir='ltr'><strong>ita</strong></span> <span class='ocrx_word' id='word_1_114' title='bbox 409 1334 474 1379; x_wconf 90' lang='lat' dir='ltr'><strong>nou</strong></span> <span class='ocrx_word' id='word_1_115' title='bbox 496 1334 564 1379; x_wconf 91' lang='lat' dir='ltr'><strong>esse</strong></span> <span class='ocrx_word' id='word_1_116' title='bbox 586 1312 708 1390; x_wconf 82' lang='lat' dir='ltr'><strong>visum3</strong></span> <span class='ocrx_word' id='word_1_117' title='bbox 747 1316 832 1397; x_wconf 89' lang='lat' dir='ltr'><strong>quod</strong></span> <span class='ocrx_word' id='word_1_118' title='bbox 855 1315 937 1379; x_wconf 92' lang='lat' dir='ltr'><strong>sumi</strong></span> <span class='ocrx_word' id='word_1_119' title='bbox 959 1323 1086 1399; x_wconf 86' lang='lat' dir='ltr'><strong>oportet</strong></span> <span class='ocrx_word' id='word_1_120' title='bbox 1106 1336 1148 1382; x_wconf 83' lang='lat' dir='ltr'><strong>ex</strong></span> <span class='ocrx_word' id='word_1_121' title='bbox 1168 1316 1226 1392; x_wconf 92' lang='lat' dir='ltr'><strong>iis,</strong></span> <span class='ocrx_word' id='word_1_122' title='bbox 1257 1338 1338 1403; x_wconf 88' lang='lat' dir='ltr'><strong>quae</strong></span> <span class='ocrx_word' id='word_1_123' title='bbox 1360 1316 1399 1382; x_wconf 91' lang='lat' dir='ltr'><strong>ad</strong></span> <span class='ocrx_word' id='word_1_124' title='bbox 1407 1338 1436 1395; x_wconf 73' lang='lat'><strong>19</strong></span> 
     </span>
     <span class='ocr_line' id='line_1_12' title="bbox 74 1398 1432 1498; baseline -0.001 -22"><span class='ocrx_word' id='word_1_125' title='bbox 74 1432 242 1498; x_wconf 82' lang='lat' dir='ltr'><strong>personam</strong></span> <span class='ocrx_word' id='word_1_126' title='bbox 271 1409 446 1493; x_wconf 82' lang='lat' dir='ltr'><strong>pertinent3</strong></span> <span class='ocrx_word' id='word_1_127' title='bbox 479 1410 518 1473; x_wconf 93' lang='lat' dir='ltr'><strong>de</strong></span> <span class='ocrx_word' id='word_1_128' title='bbox 545 1427 609 1492; x_wconf 90' lang='lat' dir='ltr'><strong>quo</strong></span> <span class='ocrx_word' id='word_1_129' title='bbox 635 1413 708 1490; x_wconf 90' lang='lat' dir='ltr'><strong>post</strong></span> <span class='ocrx_word' id='word_1_130' title='bbox 730 1405 895 1473; x_wconf 91' lang='lat' dir='ltr'><strong>dicendum</strong></span> <span class='ocrx_word' id='word_1_131' title='bbox 919 1417 975 1475; x_wconf 88' lang='lat' dir='ltr'><strong>est.</strong></span> <span class='ocrx_word' id='word_1_132' title='bbox 1017 1412 1086 1474; x_wconf 86' lang='lat' dir='ltr'><strong>vll.</strong></span> <span class='ocrx_word' id='word_1_133' title='bbox 1110 1414 1163 1475; x_wconf 88' lang='grc'><strong>23.</strong></span> <span class='ocrx_word' id='word_1_134' title='bbox 1187 1413 1324 1477; x_wconf 85' lang='lat' dir='ltr'><strong>Eventus</strong></span> <span class='ocrx_word' id='word_1_135' title='bbox 1345 1398 1432 1476; x_wconf 50' lang='lat' dir='ltr'><strong>aus</strong></span> 
     </span>
     <span class='ocr_line' id='line_1_13' title="bbox 75 1502 1400 1589; baseline -0.002 -16"><span class='ocrx_word' id='word_1_136' title='bbox 75 1517 136 1574; x_wconf 89' lang='lat' dir='ltr'><strong>tem</strong></span> <span class='ocrx_word' id='word_1_137' title='bbox 159 1514 225 1572; x_wconf 91' lang='lat' dir='ltr'><strong>tum</strong></span> <span class='ocrx_word' id='word_1_138' title='bbox 247 1504 343 1580; x_wconf 86' lang='lat' dir='ltr'><strong>fallit,</strong></span> <span class='ocrx_word' id='word_1_139' title='bbox 381 1524 452 1569; x_wconf 91' lang='lat' dir='ltr'><strong>cum</strong></span> <span class='ocrx_word' id='word_1_140' title='bbox 474 1503 565 1568; x_wconf 89' lang='lat' dir='ltr'><strong>aliter</strong></span> <span class='ocrx_word' id='word_1_141' title='bbox 586 1502 714 1578; x_wconf 87' lang='lat' dir='ltr'><strong>accidit,</strong></span> <span class='ocrx_word' id='word_1_142' title='bbox 753 1510 846 1587; x_wconf 89' lang='lat' dir='ltr'><strong>atque</strong></span> <span class='ocrx_word' id='word_1_143' title='bbox 867 1504 905 1579; x_wconf 93' lang='lat' dir='ltr'><strong>ii,</strong></span> <span class='ocrx_word' id='word_1_144' title='bbox 941 1506 996 1589; x_wconf 89' lang='lat' dir='ltr'><strong>qui</strong></span> <span class='ocrx_word' id='word_1_145' title='bbox 1023 1512 1217 1588; x_wconf 90' lang='lat' dir='ltr'><strong>arguuntur,</strong></span> <span class='ocrx_word' id='word_1_146' title='bbox 1257 1504 1400 1571; x_wconf 87' lang='lat' dir='ltr'><strong>arbitrati</strong></span> 
     </span>
     <span class='ocr_line' id='line_1_14' title="bbox 74 1595 1401 1685; baseline -0.003 -18"><span class='ocrx_word' id='word_1_147' title='bbox 74 1622 143 1667; x_wconf 90' lang='lat' dir='ltr'><strong>esse</strong></span> <span class='ocrx_word' id='word_1_148' title='bbox 166 1598 327 1665; x_wconf 92' lang='lat' dir='ltr'><strong>dicuntur:</strong></span> <span class='ocrx_word' id='word_1_149' title='bbox 352 1606 401 1673; x_wconf 92' lang='lat' dir='ltr'><strong>ut,</strong></span> <span class='ocrx_word' id='word_1_150' title='bbox 423 1599 450 1662; x_wconf 88' lang='lat' dir='ltr'><strong>si</strong></span> <span class='ocrx_word' id='word_1_151' title='bbox 472 1599 527 1681; x_wconf 92' lang='lat' dir='ltr'><strong>qui</strong></span> <span class='ocrx_word' id='word_1_152' title='bbox 549 1596 671 1661; x_wconf 89' lang='lat' dir='ltr'><strong>dicatur</strong></span> <span class='ocrx_word' id='word_1_153' title='bbox 692 1595 788 1661; x_wconf 90' lang='lat' dir='ltr'><strong>alium</strong></span> <span class='ocrx_word' id='word_1_154' title='bbox 811 1595 976 1672; x_wconf 88' lang='lat' dir='ltr'><strong>occidisse,</strong></span> <span class='ocrx_word' id='word_1_155' title='bbox 999 1618 1036 1663; x_wconf 91' lang='lat' dir='ltr'><strong>ac</strong></span> <span class='ocrx_word' id='word_1_156' title='bbox 1056 1599 1216 1675; x_wconf 89' lang='lat' dir='ltr'><strong>voluerit,</strong></span> <span class='ocrx_word' id='word_1_157' title='bbox 1241 1599 1325 1685; x_wconf 92' lang='lat' dir='ltr'><strong>quod</strong></span> <span class='ocrx_word' id='word_1_158' title='bbox 1348 1606 1401 1665; x_wconf 90' lang='lat' dir='ltr'><strong>aut</strong></span> 
     </span>
     <span class='ocr_line' id='line_1_15' title="bbox 74 1689 1401 1780; baseline -0.002 -19"><span class='ocrx_word' id='word_1_159' title='bbox 74 1693 278 1761; x_wconf 89' lang='lat' dir='ltr'><strong>similitudine</strong></span> <span class='ocrx_word' id='word_1_160' title='bbox 308 1701 361 1757; x_wconf 90' lang='lat' dir='ltr'><strong>aut</strong></span> <span class='ocrx_word' id='word_1_161' title='bbox 390 1692 567 1778; x_wconf 89' lang='lat' dir='ltr'><strong>suspicione</strong></span> <span class='ocrx_word' id='word_1_162' title='bbox 597 1699 651 1757; x_wconf 89' lang='lat' dir='ltr'><strong>aut</strong></span> <span class='ocrx_word' id='word_1_163' title='bbox 678 1689 944 1757; x_wconf 88' lang='lat' dir='ltr'><strong>demonstratione</strong></span> <span class='ocrx_word' id='word_1_164' title='bbox 973 1691 1049 1758; x_wconf 89' lang='lat' dir='ltr'><strong>falsa</strong></span> <span class='ocrx_word' id='word_1_165' title='bbox 1082 1692 1231 1780; x_wconf 83' lang='lat' dir='ltr'><strong>deceptus</strong></span> <span class='ocrx_word' id='word_1_166' title='bbox 1256 1700 1310 1772; x_wconf 88' lang='lat' dir='ltr'><strong>sit;</strong></span> <span class='ocrx_word' id='word_1_167' title='bbox 1346 1701 1401 1759; x_wconf 89' lang='lat' dir='ltr'><strong>aut</strong></span> 
     </span>
     <span class='ocr_line' id='line_1_16' title="bbox 75 1787 1436 1876; baseline -0.003 -22"><span class='ocrx_word' id='word_1_168' title='bbox 75 1811 149 1854; x_wconf 90' lang='lat' dir='ltr'><strong>eum</strong></span> <span class='ocrx_word' id='word_1_169' title='bbox 171 1807 314 1861; x_wconf 88' lang='lat' dir='ltr'><strong>necasse,</strong></span> <span class='ocrx_word' id='word_1_170' title='bbox 349 1789 437 1851; x_wconf 90' lang='lat' dir='ltr'><strong>cuius</strong></span> <span class='ocrx_word' id='word_1_171' title='bbox 458 1792 643 1852; x_wconf 89' lang='lat' dir='ltr'><strong>testamento</strong></span> <span class='ocrx_word' id='word_1_172' title='bbox 664 1805 728 1851; x_wconf 90' lang='lat' dir='ltr'><strong>nou</strong></span> <span class='ocrx_word' id='word_1_173' title='bbox 750 1787 790 1849; x_wconf 91' lang='lat' dir='ltr'><strong>sit</strong></span> <span class='ocrx_word' id='word_1_174' title='bbox 810 1788 919 1864; x_wconf 88' lang='lat' dir='ltr'><strong>hores,</strong></span> <span class='ocrx_word' id='word_1_175' title='bbox 955 1787 1041 1876; x_wconf 93' lang='lat' dir='ltr'><strong>quod</strong></span> <span class='ocrx_word' id='word_1_176' title='bbox 1069 1788 1137 1854; x_wconf 89' lang='lat' dir='ltr'><strong>eius</strong></span> <span class='ocrx_word' id='word_1_177' title='bbox 1159 1797 1344 1854; x_wconf 87' lang='lat' dir='ltr'><strong>testamento</strong></span> <span class='ocrx_word' id='word_1_178' title='bbox 1366 1808 1436 1855; x_wconf 77' lang='lat' dir='ltr'><strong>sess</strong></span> 
     </span>
     <span class='ocr_line' id='line_1_17' title="bbox 73 1879 1401 1968; baseline -0.001 -19"><span class='ocrx_word' id='word_1_179' title='bbox 73 1883 223 1949; x_wconf 88' lang='lat' dir='ltr'><strong>heredem</strong></span> <span class='ocrx_word' id='word_1_180' title='bbox 246 1879 414 1946; x_wconf 86' lang='lat' dir='ltr'><strong>arbitratus</strong></span> <span class='ocrx_word' id='word_1_181' title='bbox 435 1883 486 1946; x_wconf 89' lang='lat' dir='ltr'><strong>sit.</strong></span> <span class='ocrx_word' id='word_1_182' title='bbox 531 1883 601 1946; x_wconf 89' lang='lat' dir='ltr'><strong>Non</strong></span> <span class='ocrx_word' id='word_1_183' title='bbox 624 1880 707 1946; x_wconf 92' lang='lat' dir='ltr'><strong>enim</strong></span> <span class='ocrx_word' id='word_1_184' title='bbox 729 1900 770 1945; x_wconf 84' lang='lat' dir='ltr'><strong>ex</strong></span> <span class='ocrx_word' id='word_1_185' title='bbox 788 1889 904 1947; x_wconf 87' lang='lat' dir='ltr'><strong>eventu</strong></span> <span class='ocrx_word' id='word_1_186' title='bbox 918 1882 1141 1968; x_wconf 80' lang='lat' dir='ltr'><strong>cogitationem</strong></span> <span class='ocrx_word' id='word_1_187' title='bbox 1157 1885 1290 1968; x_wconf 90' lang='lat' dir='ltr'><strong>spectari</strong></span> <span class='ocrx_word' id='word_1_188' title='bbox 1305 1904 1401 1967; x_wconf 93' lang='lat' dir='ltr'><strong>opor-</strong></span> 
     </span>
     <span class='ocr_line' id='line_1_18' title="bbox 75 1974 1399 2064; baseline -0.002 -21"><span class='ocrx_word' id='word_1_189' title='bbox 75 1986 160 2049; x_wconf 85' lang='lat' dir='ltr'><strong>tere,</strong></span> <span class='ocrx_word' id='word_1_190' title='bbox 197 1974 254 2040; x_wconf 92' lang='lat' dir='ltr'><strong>sed</strong></span> <span class='ocrx_word' id='word_1_191' title='bbox 282 1997 344 2062; x_wconf 92' lang='lat' dir='ltr'><strong>qua</strong></span> <span class='ocrx_word' id='word_1_192' title='bbox 372 1975 560 2059; x_wconf 88' lang='lat' dir='ltr'><strong>cogitatione</strong></span> <span class='ocrx_word' id='word_1_193' title='bbox 588 1975 710 2040; x_wconf 90' lang='lat' dir='ltr'><strong>animus</strong></span> <span class='ocrx_word' id='word_1_194' title='bbox 739 1982 771 2039; x_wconf 91' lang='lat' dir='ltr'><strong>et</strong></span> <span class='ocrx_word' id='word_1_195' title='bbox 797 1995 852 2060; x_wconf 92' lang='lat' dir='ltr'><strong>spe</strong></span> <span class='ocrx_word' id='word_1_196' title='bbox 882 1975 921 2041; x_wconf 90' lang='lat' dir='ltr'><strong>ad</strong></span> <span class='ocrx_word' id='word_1_197' title='bbox 950 1976 1137 2043; x_wconf 88' lang='lat' dir='ltr'><strong>maleficium</strong></span> <span class='ocrx_word' id='word_1_198' title='bbox 1159 1976 1318 2064; x_wconf 89' lang='lat' dir='ltr'><strong>proiectus</strong></span> <span class='ocrx_word' id='word_1_199' title='bbox 1340 1976 1399 2052; x_wconf 93' lang='lat' dir='ltr'><strong>sit,</strong></span> 
     </span>
     <span class='ocr_line' id='line_1_19' title="bbox 75 2066 1401 2158; baseline -0.002 -21"><span class='ocrx_word' id='word_1_200' title='bbox 75 2068 287 2148; x_wconf 80' lang='lat' dir='ltr'><strong>considerari3</strong></span> <span class='ocrx_word' id='word_1_201' title='bbox 325 2090 388 2157; x_wconf 92' lang='lat' dir='ltr'><strong>quo</strong></span> <span class='ocrx_word' id='word_1_202' title='bbox 410 2070 514 2135; x_wconf 91' lang='lat' dir='ltr'><strong>animo</strong></span> <span class='ocrx_word' id='word_1_203' title='bbox 537 2067 611 2157; x_wconf 92' lang='lat' dir='ltr'><strong>quid</strong></span> <span class='ocrx_word' id='word_1_204' title='bbox 634 2068 766 2155; x_wconf 90' lang='lat' dir='ltr'><strong>quisque</strong></span> <span class='ocrx_word' id='word_1_205' title='bbox 788 2067 900 2146; x_wconf 89' lang='lat' dir='ltr'><strong>faciat,</strong></span> <span class='ocrx_word' id='word_1_206' title='bbox 934 2091 998 2136; x_wconf 89' lang='lat' dir='ltr'><strong>non</strong></span> <span class='ocrx_word' id='word_1_207' title='bbox 1027 2092 1091 2158; x_wconf 93' lang='lat' dir='ltr'><strong>quo</strong></span> <span class='ocrx_word' id='word_1_208' title='bbox 1113 2093 1187 2137; x_wconf 90' lang='lat' dir='ltr'><strong>casu</strong></span> <span class='ocrx_word' id='word_1_209' title='bbox 1208 2080 1326 2146; x_wconf 89' lang='lat' dir='ltr'><strong>utatur,</strong></span> <span class='ocrx_word' id='word_1_210' title='bbox 1361 2066 1401 2134; x_wconf 91' lang='lat' dir='ltr'><strong>ad</strong></span> 
     </span>
     <span class='ocr_line' id='line_1_20' title="bbox 74 2162 1400 2252; baseline -0.004 -20"><span class='ocrx_word' id='word_1_211' title='bbox 74 2187 143 2232; x_wconf 92' lang='lat' dir='ltr'><strong>rem</strong></span> <span class='ocrx_word' id='word_1_212' title='bbox 164 2167 334 2252; x_wconf 89' lang='lat' dir='ltr'><strong>pertinere.</strong></span> <span class='ocrx_word' id='word_1_213' title='bbox 379 2165 432 2229; x_wconf 78' lang='lat' dir='ltr'><strong>at.</strong></span> <span class='ocrx_word' id='word_1_214' title='bbox 456 2165 492 2228; x_wconf 90' lang='lat' dir='ltr'><strong>ln</strong></span> <span class='ocrx_word' id='word_1_215' title='bbox 513 2162 574 2228; x_wconf 92' lang='lat' dir='ltr'><strong>boc</strong></span> <span class='ocrx_word' id='word_1_216' title='bbox 596 2171 700 2228; x_wconf 86' lang='lat' dir='ltr'><strong>autem</strong></span> <span class='ocrx_word' id='word_1_217' title='bbox 726 2164 798 2227; x_wconf 94' lang='lat' dir='ltr'><strong>loco</strong></span> <span class='ocrx_word' id='word_1_218' title='bbox 828 2173 920 2250; x_wconf 90' lang='lat' dir='ltr'><strong>caput</strong></span> <span class='ocrx_word' id='word_1_219' title='bbox 948 2165 1025 2232; x_wconf 92' lang='lat' dir='ltr'><strong>illud</strong></span> <span class='ocrx_word' id='word_1_220' title='bbox 1052 2167 1113 2231; x_wconf 90' lang='lat' dir='ltr'><strong>erit</strong></span> <span class='ocrx_word' id='word_1_221' title='bbox 1141 2164 1335 2240; x_wconf 86' lang='lat' dir='ltr'><strong>accusatori,</strong></span> <span class='ocrx_word' id='word_1_222' title='bbox 1373 2165 1400 2228; x_wconf 91' lang='lat' dir='ltr'><strong>si</strong></span> 
     </span>
     <span class='ocr_line' id='line_1_21' title="bbox 75 2255 1438 2344; baseline -0.004 -18"><span class='ocrx_word' id='word_1_223' title='bbox 75 2259 291 2326; x_wconf 89' lang='lat' dir='ltr'><strong>demonstrare</strong></span> <span class='ocrx_word' id='word_1_224' title='bbox 321 2258 437 2344; x_wconf 90' lang='lat' dir='ltr'><strong>poterit</strong></span> <span class='ocrx_word' id='word_1_225' title='bbox 468 2256 522 2322; x_wconf 91' lang='lat' dir='ltr'><strong>alii</strong></span> <span class='ocrx_word' id='word_1_226' title='bbox 550 2255 670 2322; x_wconf 91' lang='lat' dir='ltr'><strong>nemini</strong></span> <span class='ocrx_word' id='word_1_227' title='bbox 694 2277 820 2322; x_wconf 92' lang='lat' dir='ltr'><strong>causam</strong></span> <span class='ocrx_word' id='word_1_228' title='bbox 851 2259 948 2324; x_wconf 88' lang='lat' dir='ltr'><strong>fuisse</strong></span> <span class='ocrx_word' id='word_1_229' title='bbox 977 2259 1124 2339; x_wconf 90' lang='lat' dir='ltr'><strong>faciendi;</strong></span> <span class='ocrx_word' id='word_1_230' title='bbox 1159 2258 1438 2333; x_wconf 69' lang='lat' dir='ltr'><strong>secundarium,2o</strong></span> 
     </span>
     <span class='ocr_line' id='line_1_22' title="bbox 76 2350 1399 2439; baseline -0.001 -21"><span class='ocrx_word' id='word_1_231' title='bbox 76 2357 103 2419; x_wconf 87' lang='lat' dir='ltr'><strong>si</strong></span> <span class='ocrx_word' id='word_1_232' title='bbox 124 2361 240 2418; x_wconf 69' lang='lat' dir='ltr'><strong>uotam</strong></span> <span class='ocrx_word' id='word_1_233' title='bbox 261 2361 315 2419; x_wconf 89' lang='lat' dir='ltr'><strong>aut</strong></span> <span class='ocrx_word' id='word_1_234' title='bbox 336 2360 398 2418; x_wconf 90' lang='lat' dir='ltr'><strong>tam</strong></span> <span class='ocrx_word' id='word_1_235' title='bbox 419 2352 565 2418; x_wconf 88' lang='lat' dir='ltr'><strong>idoneam</strong></span> <span class='ocrx_word' id='word_1_236' title='bbox 578 2351 706 2420; x_wconf 90' lang='lat' dir='ltr'><strong>nemini.</strong></span> <span class='ocrx_word' id='word_1_237' title='bbox 749 2351 804 2416; x_wconf 90' lang='lat' dir='ltr'><strong>Sin</strong></span> <span class='ocrx_word' id='word_1_238' title='bbox 818 2353 913 2420; x_wconf 83' lang='lat' dir='ltr'><strong>luisse</strong></span> <span class='ocrx_word' id='word_1_239' title='bbox 927 2353 996 2419; x_wconf 91' lang='lat' dir='ltr'><strong>aliis</strong></span> <span class='ocrx_word' id='word_1_240' title='bbox 1011 2374 1138 2439; x_wconf 90' lang='lat' dir='ltr'><strong>quoquc</strong></span> <span class='ocrx_word' id='word_1_241' title='bbox 1153 2374 1246 2418; x_wconf 87' lang='lat' dir='ltr'><strong>causa</strong></span> <span class='ocrx_word' id='word_1_242' title='bbox 1260 2350 1399 2417; x_wconf 91' lang='lat' dir='ltr'><strong>faciendi</strong></span> 
     </span>
     <span class='ocr_line' id='line_1_23' title="bbox 76 2443 1402 2532; baseline -0.005 -17"><span class='ocrx_word' id='word_1_243' title='bbox 76 2447 250 2524; x_wconf 81' lang='lat' dir='ltr'><strong>videbitur,</strong></span> <span class='ocrx_word' id='word_1_244' title='bbox 287 2453 342 2512; x_wconf 92' lang='lat' dir='ltr'><strong>aut</strong></span> <span class='ocrx_word' id='word_1_245' title='bbox 368 2454 505 2532; x_wconf 86' lang='lat' dir='ltr'><strong>potestas</strong></span> <span class='ocrx_word' id='word_1_246' title='bbox 535 2443 673 2511; x_wconf 77' lang='lat' dir='ltr'><strong>defuisse</strong></span> <span class='ocrx_word' id='word_1_247' title='bbox 700 2445 769 2510; x_wconf 88' lang='lat' dir='ltr'><strong>aliis</strong></span> <span class='ocrx_word' id='word_1_248' title='bbox 791 2447 1032 2518; x_wconf 87' lang='lat' dir='ltr'><strong>demonstranda</strong></span> <span class='ocrx_word' id='word_1_249' title='bbox 1055 2456 1102 2513; x_wconf 89' lang='lat' dir='ltr'><strong>est</strong></span> <span class='ocrx_word' id='word_1_250' title='bbox 1123 2456 1176 2513; x_wconf 88' lang='lat' dir='ltr'><strong>aut</strong></span> <span class='ocrx_word' id='word_1_251' title='bbox 1196 2447 1326 2512; x_wconf 89' lang='lat' dir='ltr'><strong>facultas</strong></span> <span class='ocrx_word' id='word_1_252' title='bbox 1348 2453 1402 2510; x_wconf 90' lang='lat' dir='ltr'><strong>aut</strong></span> 
     </span>
     <span class='ocr_line' id='line_1_24' title="bbox 76 2538 1401 2626; baseline -0.003 -16"><span class='ocrx_word' id='word_1_253' title='bbox 76 2546 229 2610; x_wconf 80' lang='lat' dir='ltr'><strong>voluntas.</strong></span> <span class='ocrx_word' id='word_1_254' title='bbox 272 2544 431 2615; x_wconf 89' lang='lat' dir='ltr'><strong>Potestas,</strong></span> <span class='ocrx_word' id='word_1_255' title='bbox 453 2543 480 2606; x_wconf 90' lang='lat' dir='ltr'><strong>si</strong></span> <span class='ocrx_word' id='word_1_256' title='bbox 502 2549 556 2606; x_wconf 88' lang='lat' dir='ltr'><strong>aut</strong></span> <span class='ocrx_word' id='word_1_257' title='bbox 576 2541 712 2607; x_wconf 87' lang='lat' dir='ltr'><strong>nescisse</strong></span> <span class='ocrx_word' id='word_1_258' title='bbox 733 2554 787 2610; x_wconf 90' lang='lat' dir='ltr'><strong>aut</strong></span> <span class='ocrx_word' id='word_1_259' title='bbox 807 2567 870 2611; x_wconf 89' lang='lat' dir='ltr'><strong>non</strong></span> <span class='ocrx_word' id='word_1_260' title='bbox 892 2543 1017 2609; x_wconf 89' lang='lat' dir='ltr'><strong>affuisse</strong></span> <span class='ocrx_word' id='word_1_261' title='bbox 1039 2550 1094 2609; x_wconf 87' lang='lat' dir='ltr'><strong>aut</strong></span> <span class='ocrx_word' id='word_1_262' title='bbox 1114 2541 1268 2608; x_wconf 86' lang='lat' dir='ltr'><strong>conficere</strong></span> <span class='ocrx_word' id='word_1_263' title='bbox 1282 2538 1401 2626; x_wconf 85' lang='lat' dir='ltr'><strong>aliquid</strong></span> 
     </span>
     <span class='ocr_line' id='line_1_25' title="bbox 77 2633 1400 2724; baseline -0.007 -16"><span class='ocrx_word' id='word_1_264' title='bbox 77 2659 140 2705; x_wconf 88' lang='lat' dir='ltr'><strong>non</strong></span> <span class='ocrx_word' id='word_1_265' title='bbox 161 2635 301 2724; x_wconf 73' lang='lat' dir='ltr'><strong>poluisse</strong></span> <span class='ocrx_word' id='word_1_266' title='bbox 323 2633 455 2700; x_wconf 70' lang='lat' dir='ltr'><strong>dicetur·</strong></span> <span class='ocrx_word' id='word_1_267' title='bbox 500 2636 659 2708; x_wconf 62' lang='lat' dir='ltr'><strong>Facullffl,</strong></span> <span class='ocrx_word' id='word_1_268' title='bbox 688 2637 715 2698; x_wconf 86' lang='lat' dir='ltr'><strong>si</strong></span> <span class='ocrx_word' id='word_1_269' title='bbox 736 2639 833 2715; x_wconf 90' lang='lat' dir='ltr'><strong>ratio,</strong></span> <span class='ocrx_word' id='word_1_270' title='bbox 857 2637 1034 2712; x_wconf 89' lang='lat' dir='ltr'><strong>adiutores,</strong></span> <span class='ocrx_word' id='word_1_271' title='bbox 1065 2635 1259 2712; x_wconf 87' lang='lat' dir='ltr'><strong>adiumenta,</strong></span> <span class='ocrx_word' id='word_1_272' title='bbox 1280 2644 1400 2709; x_wconf 87' lang='lat' dir='ltr'><strong>cetera,</strong></span> 
     </span>
     <span class='ocr_line' id='line_1_26' title="bbox 77 2726 1437 2819; baseline 0.001 -22"><span class='ocrx_word' id='word_1_273' title='bbox 77 2752 159 2819; x_wconf 90' lang='lat' dir='ltr'><strong>quac</strong></span> <span class='ocrx_word' id='word_1_274' title='bbox 189 2732 229 2795; x_wconf 91' lang='lat' dir='ltr'><strong>ad</strong></span> <span class='ocrx_word' id='word_1_275' title='bbox 259 2750 327 2794; x_wconf 89' lang='lat' dir='ltr'><strong>rem</strong></span> <span class='ocrx_word' id='word_1_276' title='bbox 356 2726 571 2813; x_wconf 89' lang='lat' dir='ltr'><strong>pertinebunt,</strong></span> <span class='ocrx_word' id='word_1_277' title='bbox 609 2727 744 2797; x_wconf 81' lang='lat' dir='ltr'><strong>defuisse</strong></span> <span class='ocrx_word' id='word_1_278' title='bbox 766 2733 861 2799; x_wconf 90' lang='lat' dir='ltr'><strong>alicui</strong></span> <span class='ocrx_word' id='word_1_279' title='bbox 882 2727 1189 2797; x_wconf 89' lang='lat' dir='ltr'><strong>demonstrabuntur.</strong></span> <span class='ocrx_word' id='word_1_280' title='bbox 1233 2732 1437 2803; x_wconf 82' lang='lat' dir='ltr'><strong>Voluntas,rs</strong></span> 
     </span>
     <span class='ocr_line' id='line_1_27' title="bbox 78 2821 1398 2911; baseline -0.005 -19"><span class='ocrx_word' id='word_1_281' title='bbox 78 2828 105 2893; x_wconf 90' lang='lat' dir='ltr'><strong>si</strong></span> <span class='ocrx_word' id='word_1_282' title='bbox 126 2827 248 2891; x_wconf 87' lang='lat' dir='ltr'><strong>animus</strong></span> <span class='ocrx_word' id='word_1_283' title='bbox 278 2845 296 2888; x_wconf 92' lang='lat' dir='ltr'><strong>a</strong></span> <span class='ocrx_word' id='word_1_284' title='bbox 323 2821 436 2888; x_wconf 90' lang='lat' dir='ltr'><strong>talibus</strong></span> <span class='ocrx_word' id='word_1_285' title='bbox 465 2821 554 2887; x_wconf 92' lang='lat' dir='ltr'><strong>factis</strong></span> <span class='ocrx_word' id='word_1_286' title='bbox 584 2844 700 2890; x_wconf 90' lang='lat' dir='ltr'><strong>vacuus</strong></span> <span class='ocrx_word' id='word_1_287' title='bbox 732 2834 763 2892; x_wconf 93' lang='lat' dir='ltr'><strong>et</strong></span> <span class='ocrx_word' id='word_1_288' title='bbox 793 2829 915 2911; x_wconf 87' lang='lat' dir='ltr'><strong>integer</strong></span> <span class='ocrx_word' id='word_1_289' title='bbox 947 2847 1016 2891; x_wconf 91' lang='lat' dir='ltr'><strong>esse</strong></span> <span class='ocrx_word' id='word_1_290' title='bbox 1044 2824 1175 2892; x_wconf 88' lang='lat' dir='ltr'><strong>dicetur.</strong></span> <span class='ocrx_word' id='word_1_291' title='bbox 1219 2825 1398 2896; x_wconf 90' lang='lat' dir='ltr'><strong>Postremo,</strong></span> 
     </span>
     <span class='ocr_line' id='line_1_28' title="bbox 79 2915 1402 3010; baseline -0.003 -24"><span class='ocrx_word' id='word_1_292' title='bbox 79 2942 156 3010; x_wconf 89' lang='lat' dir='ltr'><strong>quas</strong></span> <span class='ocrx_word' id='word_1_293' title='bbox 184 2922 224 2984; x_wconf 92' lang='lat' dir='ltr'><strong>ad</strong></span> <span class='ocrx_word' id='word_1_294' title='bbox 253 2915 466 2983; x_wconf 78' lang='lat' dir='ltr'><strong>defensionem</strong></span> <span class='ocrx_word' id='word_1_295' title='bbox 496 2919 633 2983; x_wconf 87' lang='lat' dir='ltr'><strong>rationes</strong></span> <span class='ocrx_word' id='word_1_296' title='bbox 663 2939 719 2983; x_wconf 91' lang='lat' dir='ltr'><strong>reo</strong></span> <span class='ocrx_word' id='word_1_297' title='bbox 745 2922 906 2998; x_wconf 88' lang='lat' dir='ltr'><strong>dabimus,</strong></span> <span class='ocrx_word' id='word_1_298' title='bbox 943 2920 983 2986; x_wconf 92' lang='lat' dir='ltr'><strong>iis</strong></span> <span class='ocrx_word' id='word_1_299' title='bbox 1010 2929 1171 2985; x_wconf 89' lang='lat' dir='ltr'><strong>accusator</strong></span> <span class='ocrx_word' id='word_1_300' title='bbox 1199 2920 1238 2983; x_wconf 93' lang='lat' dir='ltr'><strong>ad</strong></span> <span class='ocrx_word' id='word_1_301' title='bbox 1260 2917 1338 2982; x_wconf 90' lang='lat' dir='ltr'><strong>alios</strong></span> <span class='ocrx_word' id='word_1_302' title='bbox 1360 2936 1402 2982; x_wconf 87' lang='lat' dir='ltr'><strong>cx</strong></span> 
     </span>
     <span class='ocr_line' id='line_1_29' title="bbox 78 3009 1402 3102; baseline -0.005 -21"><span class='ocrx_word' id='word_1_303' title='bbox 78 3016 169 3102; x_wconf 89' lang='lat' dir='ltr'><strong>culpa</strong></span> <span class='ocrx_word' id='word_1_304' title='bbox 200 3012 385 3078; x_wconf 85' lang='lat' dir='ltr'><strong>eximendos</strong></span> <span class='ocrx_word' id='word_1_305' title='bbox 413 3009 569 3077; x_wconf 88' lang='lat' dir='ltr'><strong>abutetur.</strong></span> <span class='ocrx_word' id='word_1_306' title='bbox 613 3015 729 3079; x_wconf 79' lang='lat' dir='ltr'><strong>Verum</strong></span> <span class='ocrx_word' id='word_1_307' title='bbox 760 3014 793 3080; x_wconf 92' lang='lat' dir='ltr'><strong>id</strong></span> <span class='ocrx_word' id='word_1_308' title='bbox 821 3017 911 3080; x_wconf 85' lang='lat' dir='ltr'><strong>brevi</strong></span> <span class='ocrx_word' id='word_1_309' title='bbox 931 3012 1107 3079; x_wconf 88' lang='lat' dir='ltr'><strong>iaciendum</strong></span> <span class='ocrx_word' id='word_1_310' title='bbox 1130 3020 1177 3077; x_wconf 92' lang='lat' dir='ltr'><strong>est</strong></span> <span class='ocrx_word' id='word_1_311' title='bbox 1197 3021 1229 3077; x_wconf 90' lang='lat' dir='ltr'><strong>ct</strong></span> <span class='ocrx_word' id='word_1_312' title='bbox 1249 3012 1282 3077; x_wconf 93' lang='lat' dir='ltr'><strong>in</strong></span> <span class='ocrx_word' id='word_1_313' title='bbox 1304 3030 1402 3076; x_wconf 91' lang='lat' dir='ltr'><strong>unum</strong></span> 
     </span>
     <span class='ocr_line' id='line_1_30' title="bbox 79 3104 1401 3180; baseline -0.005 -4"><span class='ocrx_word' id='word_1_314' title='bbox 79 3111 177 3177; x_wconf 80' lang='lat' dir='ltr'><strong>multa</strong></span> <span class='ocrx_word' id='word_1_315' title='bbox 199 3114 271 3172; x_wconf 87' lang='lat' dir='ltr'><strong>sunt</strong></span> <span class='ocrx_word' id='word_1_316' title='bbox 291 3104 511 3180; x_wconf 88' lang='lat' dir='ltr'><strong>conducenda,</strong></span> <span class='ocrx_word' id='word_1_317' title='bbox 547 3115 583 3170; x_wconf 90' lang='lat' dir='ltr'><strong>ut</strong></span> <span class='ocrx_word' id='word_1_318' title='bbox 603 3127 642 3171; x_wconf 89' lang='lat' dir='ltr'><strong>ne</strong></span> <span class='ocrx_word' id='word_1_319' title='bbox 664 3109 792 3175; x_wconf 90' lang='lat' dir='ltr'><strong>alterius</strong></span> <span class='ocrx_word' id='word_1_320' title='bbox 814 3108 1002 3175; x_wconf 89' lang='lat' dir='ltr'><strong>defendendi</strong></span> <span class='ocrx_word' id='word_1_321' title='bbox 1023 3129 1115 3176; x_wconf 85' lang='lat' dir='ltr'><strong>causa</strong></span> <span class='ocrx_word' id='word_1_322' title='bbox 1136 3106 1219 3173; x_wconf 92' lang='lat' dir='ltr'><strong>bunc</strong></span> <span class='ocrx_word' id='word_1_323' title='bbox 1240 3126 1401 3179; x_wconf 89' lang='lat' dir='ltr'><strong>accusare,</strong></span> 
     </span>
     <span class='ocr_line' id='line_1_31' title="bbox 78 3198 1439 3285; baseline -0.001 -16"><span class='ocrx_word' id='word_1_324' title='bbox 78 3207 134 3269; x_wconf 91' lang='lat' dir='ltr'><strong>sed</strong></span> <span class='ocrx_word' id='word_1_325' title='bbox 157 3202 249 3267; x_wconf 86' lang='lat' dir='ltr'><strong>huius</strong></span> <span class='ocrx_word' id='word_1_326' title='bbox 271 3199 437 3265; x_wconf 90' lang='lat' dir='ltr'><strong>accusandi</strong></span> <span class='ocrx_word' id='word_1_327' title='bbox 458 3219 552 3264; x_wconf 87' lang='lat' dir='ltr'><strong>causa</strong></span> <span class='ocrx_word' id='word_1_328' title='bbox 574 3198 743 3269; x_wconf 82' lang='lat' dir='ltr'><strong>defendere</strong></span> <span class='ocrx_word' id='word_1_329' title='bbox 765 3207 896 3269; x_wconf 90' lang='lat' dir='ltr'><strong>alterum</strong></span> <span class='ocrx_word' id='word_1_330' title='bbox 918 3202 1070 3269; x_wconf 85' lang='lat' dir='ltr'><strong>videatur.</strong></span> <span class='ocrx_word' id='word_1_331' title='bbox 1114 3205 1198 3270; x_wconf 87' lang='lat' dir='ltr'><strong>Vlll.</strong></span> <span class='ocrx_word' id='word_1_332' title='bbox 1222 3206 1274 3271; x_wconf 87' lang='grc'><strong>25.</strong></span> <span class='ocrx_word' id='word_1_333' title='bbox 1301 3205 1402 3285; x_wconf 83' lang='lat' dir='ltr'><strong>Atque</strong></span> <span class='ocrx_word' id='word_1_334' title='bbox 1411 3226 1439 3268; x_wconf 85' lang='lat' dir='ltr'><strong>so</strong></span> 
     </span>
     <span class='ocr_line' id='line_1_32' title="bbox 79 3293 1404 3378; baseline -0.005 -14"><span class='ocrx_word' id='word_1_335' title='bbox 79 3293 251 3364; x_wconf 88' lang='lat' dir='ltr'><strong>accusatori</strong></span> <span class='ocrx_word' id='word_1_336' title='bbox 280 3293 407 3378; x_wconf 91' lang='lat' dir='ltr'><strong>quidem</strong></span> <span class='ocrx_word' id='word_1_337' title='bbox 435 3297 512 3358; x_wconf 89' lang='lat' dir='ltr'><strong>baec</strong></span> <span class='ocrx_word' id='word_1_338' title='bbox 539 3296 607 3359; x_wconf 85' lang='lat' dir='ltr'><strong>fere</strong></span> <span class='ocrx_word' id='word_1_339' title='bbox 637 3297 762 3363; x_wconf 92' lang='lat' dir='ltr'><strong>suntin</strong></span> <span class='ocrx_word' id='word_1_340' title='bbox 784 3320 878 3364; x_wconf 90' lang='lat' dir='ltr'><strong>causa</strong></span> <span class='ocrx_word' id='word_1_341' title='bbox 899 3296 1036 3362; x_wconf 87' lang='lat' dir='ltr'><strong>faciendi</strong></span> <span class='ocrx_word' id='word_1_342' title='bbox 1057 3297 1296 3363; x_wconf 89' lang='lat' dir='ltr'><strong>consideranda.</strong></span> <span class='ocrx_word' id='word_1_343' title='bbox 1340 3297 1404 3357; x_wconf 87' lang='lat' dir='ltr'><strong>De-</strong></span> 
     </span>
     <span class='ocr_line' id='line_1_33' title="bbox 78 3386 1406 3478; baseline -0.005 -19"><span class='ocrx_word' id='word_1_344' title='bbox 78 3393 187 3459; x_wconf 90' lang='lat' dir='ltr'><strong>fensor</strong></span> <span class='ocrx_word' id='word_1_345' title='bbox 208 3395 314 3455; x_wconf 91' lang='lat' dir='ltr'><strong>autem</strong></span> <span class='ocrx_word' id='word_1_346' title='bbox 335 3408 376 3453; x_wconf 83' lang='lat' dir='ltr'><strong>ex</strong></span> <span class='ocrx_word' id='word_1_347' title='bbox 398 3390 556 3454; x_wconf 87' lang='lat' dir='ltr'><strong>contrario</strong></span> <span class='ocrx_word' id='word_1_348' title='bbox 577 3393 715 3473; x_wconf 90' lang='lat' dir='ltr'><strong>primum</strong></span> <span class='ocrx_word' id='word_1_349' title='bbox 736 3394 956 3478; x_wconf 91' lang='lat' dir='ltr'><strong>impulsionem</strong></span> <span class='ocrx_word' id='word_1_350' title='bbox 984 3400 1037 3457; x_wconf 91' lang='lat' dir='ltr'><strong>aut</strong></span> <span class='ocrx_word' id='word_1_351' title='bbox 1064 3391 1180 3456; x_wconf 92' lang='lat' dir='ltr'><strong>nullam</strong></span> <span class='ocrx_word' id='word_1_352' title='bbox 1201 3389 1298 3455; x_wconf 88' lang='lat' dir='ltr'><strong>fuisse</strong></span> <span class='ocrx_word' id='word_1_353' title='bbox 1320 3386 1406 3452; x_wconf 91' lang='lat' dir='ltr'><strong>dicet</strong></span> 
     </span>
     <span class='ocr_line' id='line_1_34' title="bbox 77 3482 1406 3573; baseline -0.005 -19"><span class='ocrx_word' id='word_1_354' title='bbox 77 3498 149 3561; x_wconf 89' lang='lat' dir='ltr'><strong>aut,</strong></span> <span class='ocrx_word' id='word_1_355' title='bbox 177 3482 323 3552; x_wconf 89' lang='lat' dir='ltr'><strong>siluisse</strong></span> <span class='ocrx_word' id='word_1_356' title='bbox 345 3486 512 3558; x_wconf 92' lang='lat' dir='ltr'><strong>concedet,</strong></span> <span class='ocrx_word' id='word_1_357' title='bbox 542 3482 723 3549; x_wconf 86' lang='lat' dir='ltr'><strong>extenuabit</strong></span> <span class='ocrx_word' id='word_1_358' title='bbox 744 3496 775 3551; x_wconf 93' lang='lat' dir='ltr'><strong>et</strong></span> <span class='ocrx_word' id='word_1_359' title='bbox 796 3489 957 3573; x_wconf 80' lang='lat' dir='ltr'><strong>parvulam</strong></span> <span class='ocrx_word' id='word_1_360' title='bbox 979 3484 1134 3570; x_wconf 89' lang='lat' dir='ltr'><strong>quandam</strong></span> <span class='ocrx_word' id='word_1_361' title='bbox 1156 3483 1253 3551; x_wconf 88' lang='lat' dir='ltr'><strong>fuisse</strong></span> <span class='ocrx_word' id='word_1_362' title='bbox 1275 3483 1406 3550; x_wconf 90' lang='lat' dir='ltr'><strong>demon-</strong></span> 
     </span>
     <span class='ocr_line' id='line_1_35' title="bbox 77 3576 1407 3655; baseline -0.008 -5"><span class='ocrx_word' id='word_1_363' title='bbox 77 3580 192 3650; x_wconf 88' lang='lat' dir='ltr'><strong>strabit</strong></span> <span class='ocrx_word' id='word_1_364' title='bbox 221 3584 276 3643; x_wconf 89' lang='lat' dir='ltr'><strong>aut</strong></span> <span class='ocrx_word' id='word_1_365' title='bbox 304 3597 367 3642; x_wconf 92' lang='lat' dir='ltr'><strong>non</strong></span> <span class='ocrx_word' id='word_1_366' title='bbox 399 3598 439 3642; x_wconf 83' lang='lat' dir='ltr'><strong>ex</strong></span> <span class='ocrx_word' id='word_1_367' title='bbox 465 3598 503 3642; x_wconf 88' lang='lat' dir='ltr'><strong>ea</strong></span> <span class='ocrx_word' id='word_1_368' title='bbox 529 3577 633 3643; x_wconf 88' lang='lat' dir='ltr'><strong>solere</strong></span> <span class='ocrx_word' id='word_1_369' title='bbox 659 3582 839 3647; x_wconf 90' lang='lat' dir='ltr'><strong>huiusmodi</strong></span> <span class='ocrx_word' id='word_1_370' title='bbox 860 3582 942 3644; x_wconf 88' lang='lat' dir='ltr'><strong>facta</strong></span> <span class='ocrx_word' id='word_1_371' title='bbox 962 3578 1048 3643; x_wconf 92' lang='lat' dir='ltr'><strong>nasci</strong></span> <span class='ocrx_word' id='word_1_372' title='bbox 1070 3577 1206 3643; x_wconf 90' lang='lat' dir='ltr'><strong>docebit.</strong></span> <span class='ocrx_word' id='word_1_373' title='bbox 1252 3581 1324 3655; x_wconf 85' lang='lat' dir='ltr'><strong>Quo</strong></span> <span class='ocrx_word' id='word_1_374' title='bbox 1346 3576 1407 3642; x_wconf 89' lang='lat' dir='ltr'><strong>crit</strong></span> 
     </span>
     <span class='ocr_line' id='line_1_36' title="bbox 78 3672 1442 3759; baseline -0.003 -16"><span class='ocrx_word' id='word_1_375' title='bbox 78 3681 112 3743; x_wconf 92' lang='lat' dir='ltr'><strong>in</strong></span> <span class='ocrx_word' id='word_1_376' title='bbox 134 3676 203 3742; x_wconf 93' lang='lat' dir='ltr'><strong>loco</strong></span> <span class='ocrx_word' id='word_1_377' title='bbox 226 3675 520 3747; x_wconf 89' lang='lat' dir='ltr'><strong>demonstrandum,</strong></span> <span class='ocrx_word' id='word_1_378' title='bbox 544 3672 694 3758; x_wconf 89' lang='lat' dir='ltr'><strong>quaevis</strong></span> <span class='ocrx_word' id='word_1_379' title='bbox 717 3682 748 3737; x_wconf 93' lang='lat' dir='ltr'><strong>et</strong></span> <span class='ocrx_word' id='word_1_380' title='bbox 768 3683 880 3739; x_wconf 87' lang='lat' dir='ltr'><strong>natura</strong></span> <span class='ocrx_word' id='word_1_381' title='bbox 901 3673 968 3738; x_wconf 90' lang='lat' dir='ltr'><strong>eius</strong></span> <span class='ocrx_word' id='word_1_382' title='bbox 990 3676 1030 3738; x_wconf 90' lang='lat' dir='ltr'><strong>sit</strong></span> <span class='ocrx_word' id='word_1_383' title='bbox 1050 3672 1240 3749; x_wconf 77' lang='lat' dir='ltr'><strong>allectionis,</strong></span> <span class='ocrx_word' id='word_1_384' title='bbox 1264 3693 1326 3759; x_wconf 88' lang='lat' dir='ltr'><strong>qua</strong></span> <span class='ocrx_word' id='word_1_385' title='bbox 1347 3675 1442 3739; x_wconf 77' lang='lat' dir='ltr'><strong>imas</strong></span> 
     </span>
     <span class='ocr_line' id='line_1_37' title="bbox 77 3764 1408 3858; baseline -0.005 -21"><span class='ocrx_word' id='word_1_386' title='bbox 77 3771 188 3858; x_wconf 89' lang='lat' dir='ltr'><strong>pulsus</strong></span> <span class='ocrx_word' id='word_1_387' title='bbox 210 3764 327 3856; x_wconf 90' lang='lat' dir='ltr'><strong>aliquid</strong></span> <span class='ocrx_word' id='word_1_388' title='bbox 348 3787 421 3831; x_wconf 91' lang='lat' dir='ltr'><strong>reus</strong></span> <span class='ocrx_word' id='word_1_389' title='bbox 443 3767 637 3831; x_wconf 87' lang='lat' dir='ltr'><strong>commisisse</strong></span> <span class='ocrx_word' id='word_1_390' title='bbox 659 3764 795 3846; x_wconf 89' lang='lat' dir='ltr'><strong>dicetur;</strong></span> <span class='ocrx_word' id='word_1_391' title='bbox 818 3771 935 3856; x_wconf 92' lang='lat' dir='ltr'><strong>inquo</strong></span> <span class='ocrx_word' id='word_1_392' title='bbox 957 3776 988 3832; x_wconf 93' lang='lat' dir='ltr'><strong>et</strong></span> <span class='ocrx_word' id='word_1_393' title='bbox 1010 3768 1154 3854; x_wconf 85' lang='lat' dir='ltr'><strong>exempla</strong></span> <span class='ocrx_word' id='word_1_394' title='bbox 1176 3777 1208 3832; x_wconf 91' lang='lat' dir='ltr'><strong>et</strong></span> <span class='ocrx_word' id='word_1_395' title='bbox 1228 3765 1408 3833; x_wconf 89' lang='lat' dir='ltr'><strong>similitudi·</strong></span> 
     </span>
     <span class='ocr_line' id='line_1_38' title="bbox 78 3859 1406 3947; baseline -0.005 -17"><span class='ocrx_word' id='word_1_396' title='bbox 78 3887 136 3931; x_wconf 89' lang='lat' dir='ltr'><strong>nes</strong></span> <span class='ocrx_word' id='word_1_397' title='bbox 170 3872 263 3929; x_wconf 89' lang='lat' dir='ltr'><strong>erunt</strong></span> <span class='ocrx_word' id='word_1_398' title='bbox 290 3863 499 3947; x_wconf 90' lang='lat' dir='ltr'><strong>proferendae</strong></span> <span class='ocrx_word' id='word_1_399' title='bbox 530 3868 561 3926; x_wconf 91' lang='lat' dir='ltr'><strong>et</strong></span> <span class='ocrx_word' id='word_1_400' title='bbox 588 3859 658 3943; x_wconf 90' lang='lat' dir='ltr'><strong>ipsa</strong></span> <span class='ocrx_word' id='word_1_401' title='bbox 685 3861 852 3946; x_wconf 89' lang='lat' dir='ltr'><strong>diligenter</strong></span> <span class='ocrx_word' id='word_1_402' title='bbox 881 3870 991 3929; x_wconf 91' lang='lat' dir='ltr'><strong>natura</strong></span> <span class='ocrx_word' id='word_1_403' title='bbox 1020 3865 1088 3928; x_wconf 89' lang='lat' dir='ltr'><strong>cius</strong></span> <span class='ocrx_word' id='word_1_404' title='bbox 1117 3862 1290 3929; x_wconf 88' lang='lat' dir='ltr'><strong>affectionis</strong></span> <span class='ocrx_word' id='word_1_405' title='bbox 1312 3880 1406 3946; x_wconf 90' lang='lat' dir='ltr'><strong>quam</strong></span> 
     </span>
     <span class='ocr_line' id='line_1_39' title="bbox 79 3953 1404 4045; baseline -0.007 -19"><span class='ocrx_word' id='word_1_406' title='bbox 79 3959 240 4027; x_wconf 88' lang='lat' dir='ltr'><strong>lenissime</strong></span> <span class='ocrx_word' id='word_1_407' title='bbox 268 3955 493 4045; x_wconf 89' lang='lat' dir='ltr'><strong>quietissimam</strong></span> <span class='ocrx_word' id='word_1_408' title='bbox 523 3953 562 4019; x_wconf 88' lang='lat' dir='ltr'><strong>ad</strong></span> <span class='ocrx_word' id='word_1_409' title='bbox 590 3963 712 4040; x_wconf 88' lang='lat' dir='ltr'><strong>partem</strong></span> <span class='ocrx_word' id='word_1_410' title='bbox 743 3955 949 4041; x_wconf 85' lang='lat' dir='ltr'><strong>explicanda,</strong></span> <span class='ocrx_word' id='word_1_411' title='bbox 985 3966 1020 4022; x_wconf 90' lang='lat' dir='ltr'><strong>ut</strong></span> <span class='ocrx_word' id='word_1_412' title='bbox 1052 3965 1083 4021; x_wconf 90' lang='lat' dir='ltr'><strong>et</strong></span> <span class='ocrx_word' id='word_1_413' title='bbox 1111 3977 1164 4022; x_wconf 89' lang='lat' dir='ltr'><strong>res</strong></span> <span class='ocrx_word' id='word_1_414' title='bbox 1192 3959 1262 4040; x_wconf 90' lang='lat' dir='ltr'><strong>ipsa</strong></span> <span class='ocrx_word' id='word_1_415' title='bbox 1283 3977 1301 4020; x_wconf 91' lang='lat' dir='ltr'><strong>a</strong></span> <span class='ocrx_word' id='word_1_416' title='bbox 1323 3954 1404 4019; x_wconf 90' lang='lat' dir='ltr'><strong>facto</strong></span> 
     </span>
     <span class='ocr_line' id='line_1_40' title="bbox 80 4047 1407 4138; baseline -0.007 -18"><span class='ocrx_word' id='word_1_417' title='bbox 80 4054 200 4120; x_wconf 88' lang='lat' dir='ltr'><strong>crudeli</strong></span> <span class='ocrx_word' id='word_1_418' title='bbox 234 4061 266 4118; x_wconf 93' lang='lat' dir='ltr'><strong>et</strong></span> <span class='ocrx_word' id='word_1_419' title='bbox 296 4048 475 4117; x_wconf 90' lang='lat' dir='ltr'><strong>turbulento</strong></span> <span class='ocrx_word' id='word_1_420' title='bbox 503 4051 542 4113; x_wconf 88' lang='lat' dir='ltr'><strong>ad</strong></span> <span class='ocrx_word' id='word_1_421' title='bbox 570 4047 729 4135; x_wconf 88' lang='lat' dir='ltr'><strong>quoddam</strong></span> <span class='ocrx_word' id='word_1_422' title='bbox 757 4049 862 4116; x_wconf 87' lang='lat' dir='ltr'><strong>mitius</strong></span> <span class='ocrx_word' id='word_1_423' title='bbox 891 4058 923 4115; x_wconf 93' lang='lat' dir='ltr'><strong>et</strong></span> <span class='ocrx_word' id='word_1_424' title='bbox 950 4050 1149 4138; x_wconf 90' lang='lat' dir='ltr'><strong>tranquillius</strong></span> <span class='ocrx_word' id='word_1_425' title='bbox 1171 4049 1354 4115; x_wconf 90' lang='lat' dir='ltr'><strong>traducatur</strong></span> <span class='ocrx_word' id='word_1_426' title='bbox 1375 4053 1407 4111; x_wconf 89' lang='lat' dir='ltr'><strong>et</strong></span> 
     </span>
     <span class='ocr_line' id='line_1_41' title="bbox 81 4141 1443 4230; baseline -0.004 -18"><span class='ocrx_word' id='word_1_427' title='bbox 81 4142 182 4214; x_wconf 86' lang='lat' dir='ltr'><strong>orafio</strong></span> <span class='ocrx_word' id='word_1_428' title='bbox 204 4155 308 4213; x_wconf 90' lang='lat' dir='ltr'><strong>tamen</strong></span> <span class='ocrx_word' id='word_1_429' title='bbox 329 4143 368 4210; x_wconf 91' lang='lat' dir='ltr'><strong>ad</strong></span> <span class='ocrx_word' id='word_1_430' title='bbox 390 4141 528 4208; x_wconf 92' lang='lat' dir='ltr'><strong>animum</strong></span> <span class='ocrx_word' id='word_1_431' title='bbox 550 4142 633 4219; x_wconf 89' lang='lat' dir='ltr'><strong>eius,</strong></span> <span class='ocrx_word' id='word_1_432' title='bbox 657 4142 712 4228; x_wconf 92' lang='lat' dir='ltr'><strong>qui</strong></span> <span class='ocrx_word' id='word_1_433' title='bbox 734 4147 855 4222; x_wconf 91' lang='lat' dir='ltr'><strong>audiet,</strong></span> <span class='ocrx_word' id='word_1_434' title='bbox 880 4153 911 4210; x_wconf 89' lang='lat' dir='ltr'><strong>ct</strong></span> <span class='ocrx_word' id='word_1_435' title='bbox 927 4143 965 4210; x_wconf 91' lang='lat' dir='ltr'><strong>ad</strong></span> <span class='ocrx_word' id='word_1_436' title='bbox 980 4145 1075 4210; x_wconf 78' lang='lat' dir='ltr'><strong>ammi</strong></span> <span class='ocrx_word' id='word_1_437' title='bbox 1090 4142 1247 4230; x_wconf 89' lang='lat' dir='ltr'><strong>quendam</strong></span> <span class='ocrx_word' id='word_1_438' title='bbox 1264 4143 1443 4209; x_wconf 80' lang='lat' dir='ltr'><strong>intimumao</strong></span> 
     </span>
    </p>
   </div>
   <div class='ocr_carea' id='block_1_3' title="bbox 82 4324 1453 4957">
    <p class='ocr_par' dir='ltr' id='par_1_3' title="bbox 82 4324 1453 4957">
     <span class='ocr_line' id='line_1_42' title="bbox 152 4324 1409 4395; baseline -0.004 -13"><span class='ocrx_word' id='word_1_439' title='bbox 152 4330 179 4383; x_wconf 75' lang='lat' dir='ltr'><strong>d.</strong></span> <span class='ocrx_word' id='word_1_440' title='bbox 208 4331 254 4395; x_wconf 84' lang='lat' dir='ltr'><strong>qut</strong></span> <span class='ocrx_word' id='word_1_441' title='bbox 271 4327 355 4378; x_wconf 75' lang='lat' dir='ltr'><strong>PAT:</strong></span> <span class='ocrx_word' id='word_1_442' title='bbox 385 4327 444 4390; x_wconf 78' lang='lat' dir='ltr'><strong>quis</strong></span> <span class='ocrx_word' id='word_1_443' title='bbox 464 4324 521 4375; x_wconf 83' lang='lat' dir='ltr'><strong>llll.</strong></span> <span class='ocrx_word' id='word_1_444' title='bbox 541 4347 570 4362; x_wconf 91' lang='lat'><em>-</em></span> <span class='ocrx_word' id='word_1_445' title='bbox 597 4337 650 4376; x_wconf 78' lang='lat' dir='ltr'><strong>csse</strong></span> <span class='ocrx_word' id='word_1_446' title='bbox 666 4327 750 4377; x_wconf 83' lang='lat' dir='ltr'><strong>ullam</strong></span> <span class='ocrx_word' id='word_1_447' title='bbox 766 4328 875 4381; x_wconf 70' lang='lat' dir='ltr'>PART:</span> <span class='ocrx_word' id='word_1_448' title='bbox 904 4329 1055 4380; x_wconf 76' lang='lat' dir='ltr'><strong>ultumam</strong></span> <span class='ocrx_word' id='word_1_449' title='bbox 1074 4328 1104 4379; x_wconf 85' lang='lat' dir='ltr'><strong>ll.</strong></span> <span class='ocrx_word' id='word_1_450' title='bbox 1132 4351 1160 4364; x_wconf 88' lang='lat'>-</span> <span class='ocrx_word' id='word_1_451' title='bbox 1191 4328 1217 4378; x_wconf 84' lang='grc'><strong>’1.</strong></span> <span class='ocrx_word' id='word_1_452' title='bbox 1242 4326 1409 4378; x_wconf 75' lang='lat' dir='ltr'><strong>sorbebant</strong></span> 
     </span>
     <span class='ocr_line' id='line_1_43' title="bbox 82 4393 1409 4463; baseline -0.003 -10"><span class='ocrx_word' id='word_1_453' title='bbox 82 4401 141 4454; x_wconf 86' lang='lat' dir='ltr'><strong>tlbrt</strong></span> <span class='ocrx_word' id='word_1_454' title='bbox 169 4404 226 4452; x_wconf 83' lang='lat' dir='ltr'><strong>nott</strong></span> <span class='ocrx_word' id='word_1_455' title='bbox 251 4395 341 4463; x_wconf 86' lang='lat' dir='ltr'><strong>(ettam</strong></span> <span class='ocrx_word' id='word_1_456' title='bbox 363 4393 474 4460; x_wconf 84' lang='lat' dir='ltr'><strong>nostrl),</strong></span> <span class='ocrx_word' id='word_1_457' title='bbox 494 4399 679 4459; x_wconf 82' lang='lat' dir='ltr'><strong>praeterquam</strong></span> <span class='ocrx_word' id='word_1_458' title='bbox 699 4399 770 4461; x_wconf 90' lang='lat' dir='ltr'><strong>quod</strong></span> <span class='ocrx_word' id='word_1_459' title='bbox 789 4405 815 4452; x_wconf 82' lang='lat' dir='ltr'><strong>ln</strong></span> <span class='ocrx_word' id='word_1_460' title='bbox 836 4399 910 4451; x_wconf 83' lang='lat' dir='ltr'><strong>Cass.</strong></span> <span class='ocrx_word' id='word_1_461' title='bbox 930 4402 1057 4460; x_wconf 87' lang='lat' dir='ltr'><strong>scrlptom</strong></span> <span class='ocrx_word' id='word_1_462' title='bbox 1078 4404 1118 4451; x_wconf 85' lang='lat' dir='ltr'><strong>est</strong></span> <span class='ocrx_word' id='word_1_463' title='bbox 1136 4400 1205 4449; x_wconf 87' lang='lat' dir='ltr'><strong>lotar</strong></span> <span class='ocrx_word' id='word_1_464' title='bbox 1223 4410 1330 4454; x_wconf 82' lang='lat' dir='ltr'><strong>versus:</strong></span> <span class='ocrx_word' id='word_1_465' title='bbox 1357 4397 1409 4449; x_wconf 85' lang='lat' dir='ltr'><strong>del.</strong></span> 
     </span>
     <span class='ocr_line' id='line_1_44' title="bbox 83 4467 1408 4530; baseline -0.005 -6"><span class='ocrx_word' id='word_1_466' title='bbox 83 4474 113 4524; x_wconf 84' lang='lat' dir='ltr'><strong>ll.</strong></span> <span class='ocrx_word' id='word_1_467' title='bbox 133 4472 214 4530; x_wconf 85' lang='lat' dir='ltr'><strong>Scb.;</strong></span> <span class='ocrx_word' id='word_1_468' title='bbox 233 4484 281 4521; x_wconf 85' lang='lat' dir='ltr'><strong>nos</strong></span> <span class='ocrx_word' id='word_1_469' title='bbox 299 4468 465 4521; x_wconf 81' lang='lat' dir='ltr'><strong>secluslmus.</strong></span> <span class='ocrx_word' id='word_1_470' title='bbox 486 4489 517 4502; x_wconf 91' lang='lat'>-</span> <span class='ocrx_word' id='word_1_471' title='bbox 536 4467 583 4515; x_wconf 78' lang='lat' dir='ltr'><strong>boc</strong></span> <span class='ocrx_word' id='word_1_472' title='bbox 602 4469 653 4515; x_wconf 77' lang='lat' dir='ltr'><strong>ortt</strong></span> <span class='ocrx_word' id='word_1_473' title='bbox 670 4468 780 4520; x_wconf 75' lang='lat' dir='ltr'><strong>PART:</strong></span> <span class='ocrx_word' id='word_1_474' title='bbox 799 4473 849 4522; x_wconf 79' lang='lat' dir='ltr'><strong>ortt</strong></span> <span class='ocrx_word' id='word_1_475' title='bbox 867 4471 915 4520; x_wconf 84' lang='lat' dir='ltr'><strong>boc</strong></span> <span class='ocrx_word' id='word_1_476' title='bbox 934 4469 1011 4520; x_wconf 78' lang='grc'><strong>11.-</strong></span> <span class='ocrx_word' id='word_1_477' title='bbox 1033 4471 1076 4520; x_wconf 86' lang='lat'><strong>10.</strong></span> <span class='ocrx_word' id='word_1_478' title='bbox 1096 4471 1136 4519; x_wconf 80' lang='lat' dir='ltr'><strong>tto</strong></span> <span class='ocrx_word' id='word_1_479' title='bbox 1154 4483 1210 4519; x_wconf 79' lang='lat' dir='ltr'><strong>noa</strong></span> <span class='ocrx_word' id='word_1_480' title='bbox 1228 4480 1280 4517; x_wconf 80' lang='lat' dir='ltr'><strong>esse</strong></span> <span class='ocrx_word' id='word_1_481' title='bbox 1297 4469 1408 4518; x_wconf 78' lang='lat' dir='ltr'><strong>PART=</strong></span> 
     </span>
     <span class='ocr_line' id='line_1_45' title="bbox 82 4537 1411 4604; baseline -0.005 -10"><span class='ocrx_word' id='word_1_482' title='bbox 82 4558 135 4594; x_wconf 82' lang='lat' dir='ltr'><strong>uon</strong></span> <span class='ocrx_word' id='word_1_483' title='bbox 152 4556 204 4594; x_wconf 75' lang='lat' dir='ltr'><strong>casa</strong></span> <span class='ocrx_word' id='word_1_484' title='bbox 221 4543 264 4592; x_wconf 77' lang='lat' dir='ltr'><strong>tto</strong></span> <span class='ocrx_word' id='word_1_485' title='bbox 282 4541 314 4591; x_wconf 84' lang='lat' dir='ltr'><strong>ll.</strong></span> <span class='ocrx_word' id='word_1_486' title='bbox 344 4565 373 4578; x_wconf 89' lang='lat'>-</span> <span class='ocrx_word' id='word_1_487' title='bbox 405 4537 450 4589; x_wconf 85' lang='grc'><strong>17.</strong></span> <span class='ocrx_word' id='word_1_488' title='bbox 477 4538 639 4602; x_wconf 72' lang='lat' dir='ltr'><strong>cogitatione</strong></span> <span class='ocrx_word' id='word_1_489' title='bbox 656 4539 761 4589; x_wconf 77' lang='lat' dir='ltr'><strong>unimus</strong></span> <span class='ocrx_word' id='word_1_490' title='bbox 780 4549 805 4592; x_wconf 84' lang='lat' dir='ltr'><strong>at</strong></span> <span class='ocrx_word' id='word_1_491' title='bbox 822 4540 915 4591; x_wconf 77' lang='lat' dir='ltr'><strong>rans</strong></span> <span class='ocrx_word' id='word_1_492' title='bbox 941 4543 1078 4604; x_wconf 84' lang='lat' dir='ltr'><strong>ceterlque</strong></span> <span class='ocrx_word' id='word_1_493' title='bbox 1103 4542 1177 4590; x_wconf 78' lang='lat' dir='ltr'><strong>nott:</strong></span> <span class='ocrx_word' id='word_1_494' title='bbox 1206 4540 1368 4601; x_wconf 73' lang='lat' dir='ltr'><strong>cogitatione</strong></span> <span class='ocrx_word' id='word_1_495' title='bbox 1384 4544 1411 4590; x_wconf 84' lang='lat' dir='ltr'><strong>ct</strong></span> 
     </span>
     <span class='ocr_line' id='line_1_46' title="bbox 84 4605 1410 4678; baseline -0.004 -13"><span class='ocrx_word' id='word_1_496' title='bbox 84 4607 277 4678; x_wconf 75' lang='lat' dir='ltr'><strong>(omonimus)</strong></span> <span class='ocrx_word' id='word_1_497' title='bbox 297 4623 356 4661; x_wconf 90' lang='lat' dir='ltr'><strong>cum</strong></span> <span class='ocrx_word' id='word_1_498' title='bbox 375 4607 443 4658; x_wconf 75' lang='lat' dir='ltr'><strong>Aldo</strong></span> <span class='ocrx_word' id='word_1_499' title='bbox 461 4605 492 4666; x_wconf 82' lang='lat' dir='ltr'><strong>L,</strong></span> <span class='ocrx_word' id='word_1_500' title='bbox 506 4607 537 4657; x_wconf 84' lang='lat' dir='ltr'><strong>E.</strong></span> <span class='ocrx_word' id='word_1_501' title='bbox 552 4632 586 4641; x_wconf 94' lang='lat'><em>-</em></span> <span class='ocrx_word' id='word_1_502' title='bbox 605 4608 648 4657; x_wconf 83' lang='lat'><strong>18.</strong></span> <span class='ocrx_word' id='word_1_503' title='bbox 668 4612 831 4662; x_wconf 69' lang='lat' dir='ltr'><strong>corucem</strong></span> <span class='ocrx_word' id='word_1_504' title='bbox 849 4624 916 4664; x_wconf 90' lang='lat' dir='ltr'><strong>corr.</strong></span> <span class='ocrx_word' id='word_1_505' title='bbox 935 4611 976 4662; x_wconf 74' lang='lat' dir='ltr'><strong>Pa</strong></span> <span class='ocrx_word' id='word_1_506' title='bbox 996 4611 1163 4661; x_wconf 78' lang='lat' dir='ltr'><strong>considerare</strong></span> <span class='ocrx_word' id='word_1_507' title='bbox 1180 4610 1200 4659; x_wconf 82' lang='grc' dir='ltr'>Ε</span> <span class='ocrx_word' id='word_1_508' title='bbox 1219 4621 1279 4659; x_wconf 88' lang='lat' dir='ltr'><strong>curn</strong></span> <span class='ocrx_word' id='word_1_509' title='bbox 1297 4608 1369 4659; x_wconf 72' lang='lat' dir='ltr'><strong>aas</strong></span> <span class='ocrx_word' id='word_1_510' title='bbox 1383 4615 1410 4662; x_wconf 84' lang='lat' dir='ltr'><strong>et</strong></span> 
     </span>
     <span class='ocr_line' id='line_1_47' title="bbox 84 4675 1411 4748; baseline -0.005 -13"><span class='ocrx_word' id='word_1_511' title='bbox 84 4699 122 4748; x_wconf 87' lang='lat' dir='ltr'><strong>pr.</strong></span> <span class='ocrx_word' id='word_1_512' title='bbox 141 4682 172 4734; x_wconf 80' lang='lat' dir='ltr'><strong>P.</strong></span> <span class='ocrx_word' id='word_1_513' title='bbox 192 4708 226 4722; x_wconf 93' lang='lat'><em>-</em></span> <span class='ocrx_word' id='word_1_514' title='bbox 244 4695 298 4745; x_wconf 86' lang='lat' dir='ltr'><strong>quo</strong></span> <span class='ocrx_word' id='word_1_515' title='bbox 315 4680 385 4730; x_wconf 74' lang='lat' dir='ltr'><strong>aas</strong></span> <span class='ocrx_word' id='word_1_516' title='bbox 405 4685 431 4730; x_wconf 78' lang='lat' dir='ltr'><strong>at</strong></span> <span class='ocrx_word' id='word_1_517' title='bbox 452 4690 519 4727; x_wconf 90' lang='lat' dir='ltr'><strong>corr.</strong></span> <span class='ocrx_word' id='word_1_518' title='bbox 538 4675 581 4726; x_wconf 72' lang='lat'><strong>1³2</strong></span> <span class='ocrx_word' id='word_1_519' title='bbox 600 4685 624 4728; x_wconf 83' lang='lat' dir='ltr'><strong>ct</strong></span> <span class='ocrx_word' id='word_1_520' title='bbox 643 4690 694 4742; x_wconf 80' lang='lat' dir='ltr'><strong>quo</strong></span> <span class='ocrx_word' id='word_1_521' title='bbox 713 4680 734 4730; x_wconf 79' lang='grc'><strong>11</strong></span> <span class='ocrx_word' id='word_1_522' title='bbox 752 4692 812 4734; x_wconf 85' lang='lat' dir='ltr'><strong>cum</strong></span> <span class='ocrx_word' id='word_1_523' title='bbox 830 4696 871 4744; x_wconf 87' lang='lat' dir='ltr'><strong>pr.</strong></span> <span class='ocrx_word' id='word_1_524' title='bbox 890 4682 921 4732; x_wconf 88' lang='grc' dir='ltr'><strong>Ρ.</strong></span> <span class='ocrx_word' id='word_1_525' title='bbox 944 4705 971 4716; x_wconf 97' lang='grc'>-</span> <span class='ocrx_word' id='word_1_526' title='bbox 993 4682 1035 4732; x_wconf 79' lang='grc'><strong>19.</strong></span> <span class='ocrx_word' id='word_1_527' title='bbox 1057 4682 1090 4730; x_wconf 85' lang='lat' dir='ltr'><strong>ln</strong></span> <span class='ocrx_word' id='word_1_528' title='bbox 1111 4692 1165 4728; x_wconf 86' lang='lat' dir='ltr'><strong>om.</strong></span> <span class='ocrx_word' id='word_1_529' title='bbox 1179 4680 1224 4729; x_wconf 78' lang='grc' dir='ltr'><strong>ΔΤ</strong></span> <span class='ocrx_word' id='word_1_530' title='bbox 1239 4687 1265 4730; x_wconf 88' lang='lat' dir='ltr'><strong>at</strong></span> <span class='ocrx_word' id='word_1_531' title='bbox 1278 4691 1317 4740; x_wconf 82' lang='lat' dir='ltr'><strong>pr.</strong></span> <span class='ocrx_word' id='word_1_532' title='bbox 1333 4680 1363 4730; x_wconf 85' lang='lat' dir='ltr'><strong>P.</strong></span> <span class='ocrx_word' id='word_1_533' title='bbox 1377 4705 1411 4718; x_wconf 91' lang='lat'>-</span> 
     </span>
     <span class='ocr_line' id='line_1_48' title="bbox 84 4747 1413 4820; baseline -0.002 -14"><span class='ocrx_word' id='word_1_534' title='bbox 84 4756 127 4806; x_wconf 80' lang='grc'><strong>22.</strong></span> <span class='ocrx_word' id='word_1_535' title='bbox 147 4753 261 4820; x_wconf 62' lang='lat' dir='ltr'><strong>deputare</strong></span> <span class='ocrx_word' id='word_1_536' title='bbox 280 4751 341 4802; x_wconf 76' lang='lat' dir='ltr'><strong>ollis</strong></span> <span class='ocrx_word' id='word_1_537' title='bbox 358 4749 467 4800; x_wconf 72' lang='lat' dir='ltr'><strong>eausa</strong></span> <span class='ocrx_word' id='word_1_538' title='bbox 499 4747 561 4797; x_wconf 78' lang='lat' dir='ltr'><strong>alita</strong></span> <span class='ocrx_word' id='word_1_539' title='bbox 578 4747 691 4813; x_wconf 67' lang='lat' dir='ltr'><strong>defuisse</strong></span> <span class='ocrx_word' id='word_1_540' title='bbox 711 4751 739 4801; x_wconf 82' lang='lat' dir='ltr'><strong>ll.</strong></span> <span class='ocrx_word' id='word_1_541' title='bbox 767 4775 799 4786; x_wconf 94' lang='lat'><em>-</em></span> <span class='ocrx_word' id='word_1_542' title='bbox 828 4752 874 4803; x_wconf 83' lang='grc'><strong>21.</strong></span> <span class='ocrx_word' id='word_1_543' title='bbox 894 4758 998 4810; x_wconf 77' lang='lat' dir='ltr'><strong>cetero,</strong></span> <span class='ocrx_word' id='word_1_544' title='bbox 1017 4763 1085 4816; x_wconf 82' lang='lat' dir='ltr'><strong>quoe</strong></span> <span class='ocrx_word' id='word_1_545' title='bbox 1103 4750 1242 4801; x_wconf 83' lang='lat' dir='ltr'><strong>Batterus:</strong></span> <span class='ocrx_word' id='word_1_546' title='bbox 1275 4756 1413 4816; x_wconf 78' lang='lat' dir='ltr'><strong>ceteroque</strong></span> 
     </span>
     <span class='ocr_line' id='line_1_49' title="bbox 85 4818 1453 4888; baseline -0.003 -13"><span class='ocrx_word' id='word_1_547' title='bbox 85 4839 123 4888; x_wconf 88' lang='lat' dir='ltr'><strong>pr.</strong></span> <span class='ocrx_word' id='word_1_548' title='bbox 134 4824 166 4884; x_wconf 78' lang='lat'><strong>1³,</strong></span> <span class='ocrx_word' id='word_1_549' title='bbox 185 4831 322 4887; x_wconf 79' lang='lat' dir='ltr'><strong>ceteroque</strong></span> <span class='ocrx_word' id='word_1_550' title='bbox 340 4833 408 4886; x_wconf 85' lang='lat' dir='ltr'><strong>quoe</strong></span> <span class='ocrx_word' id='word_1_551' title='bbox 424 4818 511 4878; x_wconf 72' lang='grc' dir='ltr'><strong>ΛΒΤ,</strong></span> <span class='ocrx_word' id='word_1_552' title='bbox 532 4825 555 4867; x_wconf 84' lang='lat' dir='ltr'><strong>at</strong></span> <span class='ocrx_word' id='word_1_553' title='bbox 575 4826 671 4878; x_wconf 77' lang='lat' dir='ltr'><strong>cetero,</strong></span> <span class='ocrx_word' id='word_1_554' title='bbox 690 4833 759 4885; x_wconf 84' lang='lat' dir='ltr'><strong>quoe</strong></span> <span class='ocrx_word' id='word_1_555' title='bbox 777 4822 808 4872; x_wconf 79' lang='lat' dir='ltr'><strong>n.</strong></span> <span class='ocrx_word' id='word_1_556' title='bbox 824 4848 853 4862; x_wconf 90' lang='lat'>-</span> <span class='ocrx_word' id='word_1_557' title='bbox 875 4822 919 4875; x_wconf 77' lang='grc'><strong>31.</strong></span> <span class='ocrx_word' id='word_1_558' title='bbox 938 4821 1053 4886; x_wconf 66' lang='lat' dir='ltr'><strong>{cebodi</strong></span> <span class='ocrx_word' id='word_1_559' title='bbox 1072 4820 1267 4870; x_wconf 69' lang='lat' dir='ltr'><strong>coumdsrcuda</strong></span> <span class='ocrx_word' id='word_1_560' title='bbox 1284 4820 1305 4870; x_wconf 80' lang='grc' dir='ltr'><strong>Ρ</strong></span> <span class='ocrx_word' id='word_1_561' title='bbox 1324 4829 1351 4873; x_wconf 83' lang='lat' dir='ltr'><strong>et</strong></span> <span class='ocrx_word' id='word_1_562' title='bbox 1369 4835 1411 4885; x_wconf 87' lang='lat' dir='ltr'><strong>pr.</strong></span> <span class='ocrx_word' id='word_1_563' title='bbox 1452 4859 1453 4862; x_wconf 41' lang='grc'><strong>.</strong></span> 
     </span>
     <span class='ocr_line' id='line_1_50' title="bbox 85 4889 1409 4957; baseline -0.003 -10"><span class='ocrx_word' id='word_1_564' title='bbox 85 4895 174 4947; x_wconf 70' lang='lat' dir='ltr'><strong>schol.</strong></span> <span class='ocrx_word' id='word_1_565' title='bbox 196 4893 282 4946; x_wconf 78' lang='lat' dir='ltr'><strong>Oud.a</strong></span> <span class='ocrx_word' id='word_1_566' title='bbox 311 4889 436 4954; x_wconf 63' lang='lat' dir='ltr'><strong>[cunda</strong></span> <span class='ocrx_word' id='word_1_567' title='bbox 452 4896 477 4940; x_wconf 81' lang='lat' dir='ltr'><strong>ct</strong></span> <span class='ocrx_word' id='word_1_568' title='bbox 496 4889 690 4939; x_wconf 75' lang='lat' dir='ltr'><strong>consideranda</strong></span> <span class='ocrx_word' id='word_1_569' title='bbox 708 4891 809 4942; x_wconf 74' lang='grc'><strong>1111211.</strong></span> <span class='ocrx_word' id='word_1_570' title='bbox 835 4918 865 4930; x_wconf 92' lang='grc'>-</span> <span class='ocrx_word' id='word_1_571' title='bbox 886 4891 929 4943; x_wconf 78' lang='lat' dir='ltr'><strong>st.</strong></span> <span class='ocrx_word' id='word_1_572' title='bbox 950 4893 1008 4957; x_wconf 82' lang='lat' dir='ltr'><strong>Quo</strong></span> <span class='ocrx_word' id='word_1_573' title='bbox 1028 4892 1080 4941; x_wconf 77' lang='lat' dir='ltr'><strong>ortt</strong></span> <span class='ocrx_word' id='word_1_574' title='bbox 1096 4889 1120 4939; x_wconf 84' lang='lat' dir='ltr'>R</span> <span class='ocrx_word' id='word_1_575' title='bbox 1139 4891 1199 4940; x_wconf 82' lang='lat' dir='ltr'><strong>etlt</strong></span> <span class='ocrx_word' id='word_1_576' title='bbox 1218 4890 1409 4946; x_wconf 73' lang='lat' dir='ltr'><strong>bracenarum</strong></span> 
     </span>
    </p>
   </div>
   <div class='ocr_carea' id='block_1_4' title="bbox 0 0 1638 5392">
    <p class='ocr_par' dir='ltr' id='par_1_4' title="bbox 0 0 1638 5392">
     <span class='ocr_line' id='line_1_51' title="bbox 0 0 1638 5392; baseline 0 0"><span class='ocrx_word' id='word_1_577' title='bbox 0 0 1638 5392; x_wconf 95' lang='lat' dir='ltr'><strong> </strong></span> 
     </span>
    </p>
   </div>
  </div>
 </body>
</html>
