3232 5392
164 168 206 234 38
671 170 723 236 ΑΙ)
746 170 983 238 HERENNIUM

162 331 237 395 tacit
251 331 423 406 Pacuvius,
447 332 500 417 qui
516 331 647 397 eandem
663 329 756 397 alleri
768 333 940 408 rationem,
963 354 1060 419 quare
1076 355 1188 411 caeca,
1213 336 1365 415 eandem,
1391 358 1491 424 quare

163 428 255 490 bruta
276 428 414 491 Fortuna
436 429 569 491 dicatur.
612 427 663 490 38.
688 428 724 490 ln
758 425 995 492 confirmatione
1023 431 1154 494 rationis
1184 433 1281 496 multa
1311 439 1342 497 et
1363 435 1492 498 mtanda

122 563 124 566 >
162 522 197 584 in
218 528 326 584 nostra
348 529 380 585 et
400 523 595 585 observanda
618 523 651 584 in
672 522 923 586 adversariorum
948 525 1069 588 ratione
1092 533 1165 590 sunt
1185 527 1278 602 vitia,
1308 536 1493 614 propterea·

163 635 225 700 que
248 617 427 700 diligentius
450 617 695 692 consideranda,
734 619 819 700 quod
849 627 993 682 accurata
1020 617 1214 685 confirmatio
1240 623 1371 686 rationis
1392 632 1491 688 totam

140 708 437 774 uehementissime
460 712 645 796 comprobat
666 713 981 794 argumentationem.
1026 715 1162 780 Utuntur
1187 717 1283 800 igitur
1303 715 1436 782 studiosi
1457 719 1491 798 in

163 803 376 870 confirmanda
398 807 519 870 ratione
541 806 658 890 duplici
681 803 901 881 conclusione,
925 809 987 871 hoc
1009 811 1121 874 modo:

329 920 451 982 Iniuria
471 919 524 981 ahs
545 929 572 981 te
594 920 712 1000 afficior
732 920 870 1001 indicna,
887 930 996 1001 putem

329 1013 423 1088 Nam,
445 1015 474 1076 si
493 1015 661 1096 improbum
682 1014 888 1096 Cresphontem
909 1016 1154 1092 existimaveras,

332 1109 395 1171 Cur
415 1129 461 1171 me
481 1109 552 1170 huic
572 1109 691 1171 locabor
710 1110 846 1190 nuptiis?
866 1111 915 1172 sin
936 1118 979 1171 est
994 1112 1123 1191 protus,

125 1225 152 1265 so
331 1202 393 1266 Cur
413 1203 502 1265 talem
523 1203 648 1265 invitem
669 1204 797 1266 inuitum
817 1205 900 1284 copis
925 1204 1079 1286 linqueret

161 1325 251 1403 Quae
280 1326 342 1388 hoc
370 1327 464 1388 modo
495 1326 738 1399 concludentur,
776 1332 828 1389 aut
857 1346 897 1389 ex
926 1327 1082 1390 contrario
1114 1336 1337 1394 convertentur
1364 1340 1419 1397 aut
1448 1355 1490 1397 ex

161 1419 294 1505 simplici
315 1426 403 1505 parte
426 1421 708 1504 reprehendentur.
752 1422 801 1484 Ex
823 1422 980 1484 contrario
1002 1422 1064 1485 hoc
1086 1425 1203 1487 modo:

328 1533 422 1597 Nulla
443 1540 470 1595 te
490 1534 631 1614 indique,
653 1554 671 1595 o
691 1541 780 1606 nutu,
802 1535 902 1615 officio
923 1536 1040 1596 iniuria
1047 1557 1058 1607 ‚·

333 1629 368 1690 Si
384 1627 498 1708 probus
519 1636 573 1698 est,
597 1637 624 1689 te
645 1628 756 1698 locavi·
778 1628 890 1689 sin-est
911 1629 1078 1710 improbus,

125 1751 151 1790 rs
329 1723 468 1785 Dloortio
490 1731 517 1785 te
538 1721 665 1784 literato
686 1721 889 1783 incommodis.

161 1848 209 1910 Ex
238 1843 371 1927 simplici
399 1852 487 1930 parte
516 1845 808 1926 reprehendentur,
843 1844 869 1906 si
898 1864 939 1907 ex
966 1841 1084 1927 duplici
1110 1844 1314 1912 conclusione
1336 1847 1488 1916 alterutra

161 1960 233 2026 pars
256 1939 409 2015 diluetur,
434 1941 495 2002 hoc
518 1941 631 2003 modo:

330 2056 408 2118 Nam
429 2038 457 2114 εἰ
477 2054 645 2134 improbum
667 2054 873 2135 Cresphontem
894 2055 1140 2126 existimaveras,

331 2151 393 2212 Cur
413 2168 458 2210 me
479 2149 550 2209 huic
570 2149 688 2211 locatas
708 2151 844 2230 nuptiis?
868 2177 905 2194 ν-
928 2150 1016 2210 huet
1032 2150 1178 2230 prohurn5

125 2259 153 2300 πο
332 2244 465 2315 Erraoi;
482 2252 552 2324 poet
573 2246 712 2325 copnovi,
735 2253 762 2305 et
781 2245 868 2325 supin
889 2244 1050 2323 counitum.

161 2369 262 2432 XXV.
287 2369 337 2429 39.
359 2369 443 2449 Ergo
465 2366 673 2449 reprehensio
696 2366 877 2430 huiusmodi
899 2362 1110 2428 conclusionis
1131 2359 1250 2445 duplex
1272 2372 1334 2429 est:
1368 2369 1492 2432 acutior

161 2462 214 2527 illa
243 2462 406 2545 superior,
442 2456 566 2523 facilior
592 2461 671 2522 haec
702 2461 861 2544 posterior
893 2462 931 2524 ad
965 2459 1219 2540 excogitandum.
1265 2461 1344 2522 llam
1377 2463 1491 2526 vitiosa

162 2555 357 2621 confirmatio
379 2562 426 2618 est
447 2555 593 2630 rationis,
631 2575 702 2616 cum
725 2575 761 2619 ea
782 2576 836 2630 re,
874 2553 1082 2639 quasplures
1105 2551 1349 2635 sessignilicat‚
1388 2557 1492 2621 abuti·

162 2673 232 2715 mur
253 2671 311 2736 pro
335 2657 422 2713 certo
444 2651 537 2712 unius
559 2650 606 2713 rei
629 2650 733 2733 signo,
764 2649 827 2712 hoc
849 2650 972 2712 modo:v
996 2651 1130 2712 Necesse
1154 2657 1218 2722 est,
1255 2652 1402 2735 quoniam
1425 2651 1492 2737 pal-

124 2745 220 2822 rslet,
253 2754 453 2830 aegrotasse3
493 2752 565 2818 aut,
588 2747 723 2807 Necesse
745 2749 792 2807 est
814 2744 992 2828 peperisse,
1027 2744 1175 2828 qnoniam
1204 2745 1335 2808 sustinet
1355 2764 1490 2830 puerum

161 2839 323 2905 infantem.
368 2842 447 2902 Nam
469 2839 548 2902 haec
570 2860 626 2902 sua
648 2848 761 2923 sponte
785 2846 871 2902 certa
892 2839 980 2922 signa
1002 2857 1065 2899 non
1088 2835 1221 2913 habant,
1250 2842 1276 2902 si
1298 2856 1361 2902 non
1383 2847 1490 2904 cetera

162 2954 288 3020 quoque
322 2933 436 2998 similia
469 2942 667 2998 concurrant.
714 2935 834 3010 Quodsi
870 2933 1104 3006 concurrerint,
1143 2932 1284 2996 nonnihil
1317 2930 1491 2997 illiusmodi

162 3031 250 3112 signa
272 3026 428 3110 adaugent
448 3029 671 3109 suspicionem.
715 3029 793 3090 Item
816 3029 963 3091 vitiosum
986 3035 1051 3100 est,
1087 3048 1158 3091 cum
1187 3026 1238 3094 vel
1266 3029 1299 3091 in
1321 3026 1417 3091 alium
1440 3026 1489 3093 vel

162 3123 195 3188 in
217 3146 290 3190 eum
312 3123 434 3209 ipsum,
459 3125 512 3208 qui
535 3125 627 3198 dicit,
652 3119 699 3194 id,
723 3124 807 3207 quod
830 3123 861 3185 in
883 3123 1097 3185 adversarium
1121 3123 1254 3198 dicitur,
1289 3130 1393 3207 potest
1415 3144 1491 3187 cou-

125 3239 152 3280 so
163 3221 288 3290 venire,
312 3221 373 3283 hoc
396 3221 506 3283 modo:

247 3334 354 3397 Miseri
375 3342 459 3410 sunt,
481 3333 533 3414 qui
555 3351 668 3395 uxores
689 3333 809 3394 ducunt.
834 3366 874 3376 -
896 3331 936 3393 Ar
957 3341 990 3394 tu
1010 3333 1128 3395 duxisti
1148 3333 1285 3394 atteram.

161 3458 240 3519 ltem
270 3457 417 3519 vitiosum
448 3463 495 3518 est
521 3455 567 3527 id,
606 3456 690 3539 quod
718 3453 878 3537 vulgarem
901 3451 997 3517 habet
1018 3452 1252 3529 defensionem,
1291 3455 1352 3518 hoc
1374 3455 1488 3518 modo:

161 3548 323 3614 iracundia
353 3552 498 3614 inductus
528 3550 669 3632 peccavit
698 3556 751 3611 aut
779 3546 989 3611 adolescentia
1019 3558 1071 3611 aut
1100 3569 1218 3612 amore.
1262 3545 1489 3610 Huiuscemodi

161 3648 246 3709 enim
268 3643 505 3729 deprecationes
527 3645 552 3707 si
575 3640 809 3728 probabuntur,
843 3643 970 3727 impune
994 3645 1128 3706 maxima
1149 3650 1274 3727 peccata
1298 3641 1486 3706 dilabentur.

124 3745 239 3807 ssltem
263 3742 410 3804 vitiosum
435 3748 496 3815 est,
520 3759 592 3803 cum
615 3740 645 3801 id
669 3758 726 3823 pro
751 3745 837 3800 cerlo
854 3739 1003 3810 sumitur,
1028 3737 1115 3821 quasi
1137 3735 1220 3800 inter
1233 3755 1343 3801 omnes
1359 3744 1489 3810 constet,

161 3838 246 3922 quod
270 3835 447 3899 etiamnunc
470 3836 501 3897 in
525 3835 741 3899 controversia
764 3839 827 3906 est,
852 3832 913 3894 hoc
936 3833 1049 3894 modo:

230 4000 256 4050 5.
276 3999 392 4048 studiose
410 3996 452 4046 FT
472 4004 499 4046 et
518 4009 556 4054 pr.
573 3996 600 4044 P.
626 4020 653 4032 -
677 3995 719 4044 13.
740 4007 755 4042 o
774 4000 840 4043 nate
858 3992 986 4042 turni:
1007 3999 1074 4041 nato
1093 3993 1144 4043 PE.
1166 4020 1197 4029 —
1227 3994 1270 4043 il.
1291 4001 1315 4043 te
1334 3995 1417 4045 locavi
1436 3997 1490 4045 ttu-

162 4071 339 4131 dendorpiue:
367 4067 497 4117 collocavi
513 4065 666 4126 PAFRTE,
697 4067 782 4115 locavi
802 4066 832 4113 B.
854 4088 883 4099 -
911 4066 953 4113 rin
978 4069 1016 4113 ert
1040 4063 1119 4113 rau:
1150 4066 1355 4125 simulanti,
1380 4068 1422 4114 sin
1442 4080 1490 4115 cu·

162 4149 211 4191 tem
229 4148 266 4189 eet
285 4141 344 4196 FT,
364 4141 406 4186 sin
425 4147 472 4186 out
493 4138 525 4186 it.
555 4161 582 4172 -
619 4135 661 4185 l'l.
683 4136 793 4185 diluitur
813 4134 940 4193 ΡΑΡΒΤ,
960 4134 1080 4183 diluetur
1100 4135 1130 4183 a.
1152 4163 1181 4172 -
1214 4135 1258 4184 20.
1277 4139 1397 4201 copnooi.
1417 4136 1490 4201 inpio

161 4225 232 4259 nunc
250 4214 383 4274 capellum
402 4209 457 4257 lili.
479 4207 617 4271 (capnooi,·
646 4205 726 4271 effupe
744 4221 812 4255 nunc
831 4207 965 4268 copnitum
985 4205 1167 4265 suspicabatur
1186 4205 1326 4263 Oudend.)
1355 4233 1384 4242 -
1413 4207 1490 4257 Cete-

163 4295 219 4331 rurn
239 4281 304 4331 haec
323 4281 419 4330 ousi-
434 4305 444 4315 ·
460 4281 594 4342 sspiritum
609 4278 711 4338 Cypseli
726 4279 757 4325 ad
771 4277 900 4338 Meropen
915 4277 993 4325 filiem
1007 4283 1068 4325 sunt
1082 4275 1160 4325 verbe
1175 4291 1203 4327 er
1220 4278 1298 4328 Ennii
1313 4277 1487 4336 Cresphonte.

163 4377 194 4388 -
213 4352 258 4401 at.
274 4350 423 4403 huiusmodi
442 4348 595 4399 Pasias:
615 4348 693 4397 huius
712 4349 743 4396 E.
763 4375 797 4383 —
827 4347 871 4395 2³.
892 4348 1057 4411 confirmatio
1076 4354 1113 4395 ert
1132 4346 1234 4396 PBT'l':
1266 4354 1302 4397 ert
1321 4347 1488 4410 confirmatio

161 4422 226 4477 AR.
247 4421 277 4470 li.
298 4448 331 4457 -
355 4423 443 4483 plures
461 4434 502 4468 res
521 4419 565 4468 ΡΤ
583 4424 609 4470 et
628 4431 695 4468 corr.
713 4419 771 4468 AT:
798 4418 879 4481 plura
899 4417 959 4474 aa,
982 4417 1073 4478 plures
1090 4416 1218 4480 (omres)
1237 4419 1260 4468 ti
1280 4425 1306 4468 et
1325 4430 1363 4478 pr.
1379 4415 1432 4465 AT.
1455 4442 1489 4451 -

161 4493 206 4544 31.
226 4493 333 4541 ducunt.
359 4515 384 4525 -
406 4494 439 4540 At
459 4492 625 4552 distinguunt
643 4490 664 4539 L
683 4496 709 4539 et
730 4490 809 4539 sch:
830 4490 946 4537 dumne:
966 4493 994 4536 at
1014 4487 1044 4536 ii.
1065 4513 1096 4523 -
1121 4488 1165 4538 33.
1185 4490 1310 4539 deductus
1330 4500 1369 4547 pr·
1386 4485 1422 4544 P,
1441 4488 1488 4536 du·

162 4570 217 4614 etur
235 4562 278 4611 TT
297 4569 323 4611 et
342 4575 410 4611 corr.
427 4561 457 4611 Ρ.
482 4587 512 4597 -
544 4560 587 4609 dt.
608 4559 743 4609 diluentur
767 4559 835 4608 arii
862 4566 889 4608 et
912 4570 980 4606 corr.
999 4557 1036 4617 P,
1065 4558 1210 4607 diluentur.
1230 4561 1259 4606 in
1278 4559 1441 4607 contentione
1458 4559 1488 4605 in

161 4635 280 4685 murima
295 4642 407 4695 peccato
426 4632 578 4680 dilatentur
597 4630 629 4680 T.
651 4655 679 4665 -
708 4630 751 4680 35.
771 4629 849 4693 quusi
866 4631 935 4677 inter
953 4641 1040 4677 omnes
1058 4635 1157 4679 constet
1175 4629 1396 4691 Oudendorplus:
1415 4628 1488 4690 qued

162 4707 232 4754 inter
257 4715 344 4752 ornnes
367 4719 421 4752 non
445 4708 548 4752 constet
570 4701 599 4749 E.
628 4697 699 4759 (Non
718 4701 787 4750 heud
807 4707 953 4762 agnoscunt
972 4698 1056 4748 Codd.
1070 4709 1180 4760 excepto
1200 4701 1275 4751 Voss.
1290 4698 1312 4747 l.
1332 4712 1346 4747 e
1364 4709 1409 4747 sec
1439 4697 1486 4759 m.)

162 4775 232 4840 quod
248 4775 325 4838 quasi
343 4775 412 4823 inter
430 4786 516 4823 omnes
536 4777 639 4822 constat
658 4772 696 4830 Τ,
723 4772 794 4835 quod
819 4773 889 4819 inre
912 4783 999 4819 omnes
1021 4778 1125 4821 constet
1143 4769 1241 4820 anui.
1266 4768 1487 4835 (Coniuncttrum

164 4844 273 4909 praehet
290 4843 337 4904 R.)
357 4869 385 4881 -
407 4843 453 4894 36.
472 4844 544 4907 quod
562 4841 689 4893 PBFRT:
709 4842 773 4904 quie
791 4840 847 4890 Ali.
