3232 5392
561 219 637 284 LlB.
661 219 715 285 lv.
761 221 795 285 C.
819 221 871 284 to.
892 220 944 284 ll.
965 219 1018 283 12.
1395 225 1436 288 77

110 398 248 465 perans,
280 375 438 463 petulans,
474 381 650 462 superbus;
685 381 800 465 impius
830 381 863 443 in
883 387 1046 464 parentes,
1085 379 1226 462 ingratus
1248 381 1281 443 in
1305 382 1433 457 amicos,

111 471 241 538 infestus
264 474 423 556 cognatis,
452 473 484 534 in
506 475 687 557 superiores
709 482 896 549 contumax,
931 476 963 538 in
986 495 1106 559 aequos
1130 481 1162 538 et
1184 494 1274 558 pares
1296 465 1437 539 fastidio-

111 590 181 644 sus,
205 571 239 633 in
262 569 428 631 inferiores
443 566 595 641 crudelis,
620 568 756 652 deniqne
775 568 807 631 in
822 589 932 631 omnes
947 566 1165 631 intolerabilis.
1211 571 1263 631 53.
1288 565 1437 633 Eiusdem

111 663 236 747 generis
259 671 307 727 est
328 662 382 724 illa
404 661 630 745 frequentatio,
666 681 746 746 quae
769 662 936 745 plurimum
960 664 1224 727 coniecturalibus
1246 664 1348 726 causis
1370 664 1439 748 opi-

111 756 248 834 tulatur,
282 777 354 820 cum
382 756 594 839 suspiciones,
632 776 712 839 quae
746 759 911 839 separatim
940 759 1042 821 dictae
1070 760 1206 822 minutae
1235 765 1266 821 et
1295 755 1460 821 infirmae⁵

111 862 219 928 eraut,
257 873 353 915 unum
381 851 414 913 in
444 851 546 913 locum
578 857 704 914 coactae
735 871 802 913 rem
825 851 972 915 videntur
994 854 1189 937 perspicuam
1211 853 1334 926 facere,
1373 872 1438 915 non

112 949 339 1033 suspiciosam,
362 947 424 1009 boc
446 950 556 1029 pacto:
591 944 694 1007 Nolite
716 945 831 1026 igitur,
864 947 982 1020 nolite,
1006 948 1142 1021 iudices,
1174 967 1232 1020 ea,
1255 966 1336 1032 quae
1358 944 1437 1020 dixi,

112 1042 280 1128 separatim
303 1047 467 1126 spectare;
501 1040 557 1102 sed
579 1039 682 1102 omnia
705 1040 844 1121 colligite
867 1048 899 1104 et
920 1038 1058 1105 conferte
1081 1042 1113 1104 in
1136 1064 1244 1105 unum.
1290 1045 1372 1106 XLl.
1405 1042 1438 1105 Si

112 1146 144 1201 et
167 1137 368 1200 commodum
401 1132 439 1198 ad
473 1134 565 1197 istum
595 1156 636 1198 ex
663 1134 746 1197 illius
776 1142 877 1197 morte
905 1132 1052 1199 veniebat
1079 1144 1112 1199 et
1138 1137 1201 1199 sita
1230 1137 1368 1199 bominis
1391 1142 1440 1200 est

112 1232 314 1314 turpissimo,
348 1229 470 1292 animus
497 1230 713 1300 avarissimus,
747 1229 892 1292 fortunae
920 1229 1090 1293 familiares
1119 1232 1384 1296 attenuatissimae
1407 1237 1476 1295 eto

112 1327 245 1391 resista
272 1322 357 1388 bono
385 1323 504 1386 nemini
540 1331 663 1407 praeter
691 1325 783 1386 istum
815 1320 889 1403 tuit,
924 1346 1027 1410 neque
1050 1325 1127 1388 alius
1150 1327 1314 1411 quisquam
1337 1345 1438 1409 aeque

112 1421 279 1484 commode
301 1439 403 1512 neque
425 1419 484 1481 iste
505 1417 574 1482 aliis
598 1417 867 1483 commodioribus
889 1421 1065 1483 rationibus
1086 1418 1191 1483 facere
1213 1423 1313 1505 potuit
1333 1439 1437 1505 neque

111 1515 316 1599 praeteritum
350 1521 397 1575 est
429 1514 469 1574 ab
499 1513 558 1575 isto
590 1512 780 1598 quidquam,
818 1517 903 1599 quod
936 1534 1015 1598 opus
1044 1512 1138 1576 fuerit
1166 1515 1205 1578 ad
1235 1515 1438 1588 maleficium,

112 1628 215 1693 neque
244 1605 378 1681 factum,
417 1609 503 1691 quod
532 1626 611 1688 opus
639 1626 702 1671 non
731 1605 847 1684 luerit;
884 1616 916 1671 et
943 1627 1014 1671 cum
1038 1609 1126 1670 locus
1148 1609 1281 1674 idoneus
1303 1612 1439 1672 maxime

113 1703 290 1788 quaesitus,
325 1710 390 1764 turn
415 1702 539 1764 occasio
562 1702 766 1784 aggrediendi
793 1705 981 1777 commoda,
1021 1709 1143 1784 tempus
1166 1701 1300 1765 adcundi
1323 1723 1477 1788 oppon-ss

113 1798 327 1869 tunissimum,
362 1796 496 1880 spatium
526 1793 711 1858 conficiendi
741 1795 957 1879 longissimum
985 1806 1144 1881 sumptum
1176 1804 1240 1869 est,
1275 1819 1338 1861 non
1367 1800 1435 1862 sine

113 1894 251 1957 maxima
272 1890 449 1954 occultandi
473 1887 516 1972 [et
537 1887 728 1973 perficiendi]
753 1889 896 1954 maleficii
912 1913 985 1976 spe;
1009 1900 1041 1955 et
1055 1898 1216 1976 praeterea
1232 1900 1319 1965 ante,
1343 1913 1437 1977 quam

114 1989 236 2052 occisus
250 1989 348 2059 homo
370 1986 397 2047 is
419 1992 481 2057 est,
504 1984 563 2047 iste
585 1985 671 2047 visus
693 1994 741 2048 est
763 1988 794 2049 in
817 2007 855 2062 eo
879 1987 971 2062 loco,
994 1987 1027 2048 in
1049 2006 1113 2070 quo
1136 1993 1184 2048 est
1205 1987 1323 2050 occisio
1345 1984 1438 2061 facta,

114 2084 215 2159 solus3
240 2085 345 2169 paullo
366 2090 439 2167 post
459 2083 491 2144 in
514 2083 583 2166 ipso
606 2078 759 2143 maleficio
782 2101 845 2144 vox
866 2082 967 2155 illius,
991 2082 1044 2165 qui
1067 2080 1286 2152 occidebatur,
1310 2081 1437 2156 audita3

115 2180 227 2243 deiude
244 2188 314 2264 post
329 2179 520 2241 occisionem
534 2178 627 2239 istum
644 2175 740 2239 mulla
755 2183 846 2239 nocte
861 2177 993 2239 domum
1014 2176 1133 2238 redisse
1155 2182 1288 2247 constat,
1313 2182 1478 2258 posteram

116 2276 164 2337 die
188 2272 359 2337 titubanter
386 2279 417 2336 et
445 2274 659 2335 inconstanter
681 2272 720 2332 de
743 2270 901 2334 occisione
925 2270 1009 2333 illius
1031 2268 1189 2345 locutum;
1226 2270 1304 2332 haec
1325 2267 1439 2353 partim

116 2368 319 2440 testimoniis,
352 2367 464 2452 partim
492 2367 728 2452 quaestionibus
757 2361 800 2447 [et
826 2361 1029 2448 argumentis]
1060 2364 1165 2426 omnia
1194 2365 1441 2447 comprobantur

117 2472 146 2526 et
166 2481 294 2525 rumore
315 2461 438 2546 populi,
468 2480 562 2544 quem
585 2480 624 2523 ex
646 2460 839 2541 argumentis
863 2466 969 2522 natum
993 2478 1122 2521 necesse
1145 2467 1192 2520 est
1216 2478 1284 2522 esse
1307 2477 1437 2520 verum:

117 2564 273 2629 vestrum,
306 2557 445 2627 iudices,
479 2562 543 2627 est,
578 2555 627 2617 bis
655 2555 686 2616 in
715 2573 811 2615 unum
841 2554 945 2616 locum
978 2554 1121 2626 collatis,
1165 2559 1281 2614 certam
1315 2573 1439 2615 sumere

117 2653 293 2722 scientiam,
327 2672 392 2714 non
420 2650 632 2734 suspicionem
660 2645 817 2711 maleficii.
868 2650 947 2710 Nam
969 2669 1064 2710 unum
1088 2647 1206 2731 aliquid
1229 2655 1283 2709 aut
1305 2647 1477 2711 alterumss

118 2754 217 2831 potest
238 2747 270 2809 in
293 2747 386 2808 istum
410 2743 488 2807 casu'
505 2744 654 2806 cecidisse
677 2743 873 2826 suspiciosc3
898 2749 932 2805 ut
954 2742 1058 2805 omnia
1080 2743 1162 2804 inter
1184 2762 1217 2804 se
1240 2761 1257 2804 a
1280 2743 1383 2825 primo
1398 2742 1439 2805 ad

117 2847 306 2924 postremum
339 2840 526 2903 conveniant
561 2835 755 2920 [maleficia],
795 2858 924 2900 necesse
956 2845 1004 2899 est
1035 2857 1108 2900 casu
1137 2857 1200 2899 non
1232 2855 1325 2920 posse
1360 2833 1438 2901 fieri.

118 2934 293 2998 Vehemens
326 2934 404 2996 baec
438 2941 486 2996 est
516 2932 685 2995 'exornatio
716 2939 746 2995 et
779 2932 812 2993 in
840 2931 1044 2995 coniecturali
1073 2930 1294 2994 constitutione
1328 2949 1440 2994 causae

118 3025 214 3093 ferme
248 3048 374 3113 semper
402 3028 577 3092 necessaria
605 3035 636 3090 et
663 3026 695 3088 in
724 3027 836 3089 ceteris
865 3027 1034 3108 generibus
1060 3046 1222 3089 causarum
1246 3033 1278 3088 ot
1300 3025 1332 3087 in
1354 3026 1441 3089 omui

120 3125 259 3187 oratione
281 3120 460 3187 adhibenda
482 3142 719 3206 nonnunquam.
1451 3138 1479 3180 sc

199 3219 297 3281 XLll.
332 3217 384 3280 51».
420 3218 579 3301 Expolitio
608 3224 678 3291 est,
713 3235 785 3280 cum
814 3215 846 3277 in
875 3217 989 3279 eodem
1014 3215 1085 3279 loco
1115 3234 1278 3278 manemus
1301 3224 1334 3280 ct
1355 3212 1441 3280 aliud

119 3321 208 3399 atque
236 3312 319 3377 aliud
353 3313 458 3376 dicere
492 3314 644 3376 videmur.
701 3313 744 3374 Ea
776 3306 941 3393 dupliciter
970 3308 1023 3383 fit,
1057 3311 1083 3373 si
1112 3315 1167 3374 aut
1194 3312 1326 3374 eandem
1349 3311 1441 3395 plane

120 3410 256 3472 dicemus
279 3429 346 3471 rem
369 3414 423 3470 aut
444 3408 483 3470 de
505 3408 615 3470 eadem
630 3427 676 3470 re.
723 3408 861 3469 Eandem
876 3427 944 3470 rem
959 3402 1113 3478 dicemus,
1137 3425 1201 3469 non
1217 3407 1329 3469 eodem
1345 3407 1441 3468 modo

121 3499 200 3584 (nam
234 3502 265 3566 id
301 3497 450 3587 [quidem]
480 3502 655 3564 obtundere
688 3498 863 3563 auditorem
887 3508 948 3572 est,
985 3520 1049 3563 non
1080 3520 1148 3563 rem
1178 3498 1349 3583 expolire),
1386 3499 1442 3563 sed

119 3601 319 3658 commutate.
366 3595 633 3658 commutabimus
647 3594 829 3678 tripliciter:
852 3596 977 3668 verbis,
994 3595 1245 3679 pronuntiando,
1264 3596 1438 3657 tractando.
1451 3623 1479 3664 ³5

120 3688 228 3754 Verbis
250 3691 529 3763 commutabimus,
565 3710 651 3763 cum,
686 3710 720 3751 re
748 3686 845 3751 semel
875 3690 977 3763 dicta,
1013 3689 1128 3752 iterum
1150 3694 1205 3751 aut
1226 3691 1350 3773 saepius
1373 3689 1441 3752 aliis

119 3783 238 3861 verbis,
274 3804 354 3868 quae
378 3785 460 3847 idem
484 3785 621 3856 valeant,
655 3785 764 3847 eadem
787 3805 838 3846 res
861 3783 1054 3867 proferetur,
1086 3785 1148 3846 boc
1170 3784 1283 3846 modo:
1315 3785 1441 3847 Nullum

120 3887 237 3943 tantum
260 3887 309 3943 est
330 3878 520 3965 periculum,
554 3877 639 3965 quod
666 3878 789 3962 sapiens
818 3897 876 3962 pro
904 3877 1003 3941 salute
1035 3878 1153 3962 patriae
1176 3879 1336 3942 vitandum
1358 3877 1442 3941 arbi-

187 4099 213 4149 7.
233 4096 343 4162 infestus
361 4100 480 4164 coqnotis
499 4096 648 4147 Pbbilth
675 4097 784 4158 infestus
802 4099 832 4147 in
851 4104 979 4162 coqnutos
998 4098 1030 4149 E.
1059 4123 1087 4134 -
1120 4098 1163 4149 1³.
1189 4105 1226 4149 est
1245 4099 1278 4149 nb
1296 4098 1348 4146 isto
1366 4094 1441 4160 quid·

120 4184 196 4235 quom
216 4170 347 4220 ratur:
367 4171 565 4235 nequidquam
582 4170 615 4219 ut
634 4171 684 4217 isto
705 4170 743 4227 ll,
772 4172 915 4232 quidquam
935 4176 971 4219 est
989 4171 1023 4222 ob
1041 4171 1092 4219 isto
1112 4170 1143 4219 E.
1173 4193 1203 4206 -
1233 4172 1269 4220 od
1287 4168 1442 4233 maleficium

121 4266 157 4278 ··
174 4256 229 4292 non
245 4239 325 4302 fuerit
344 4255 395 4291 orn.
417 4241 490 4290 Par.
512 4240 582 4302 (add.
603 4254 654 4303 mg.
677 4240 740 4302 1.).
760 4253 841 4303 nsque
859 4244 958 4304 socium
975 4265 986 4275 -
1002 4267 1013 4277 ·
1030 4240 1111 4302 fucrit
1130 4253 1182 4291 orn.
1201 4240 1243 4298 R,
1269 4239 1330 4290 Seli.
1363 4238 1442 4295 lSunt

120 4318 183 4364 rnert
211 4326 314 4364 errores
341 4315 391 4362 ortt
418 4326 447 4362 er
473 4313 573 4372 duplici
600 4325 623 4359 ν.
643 4309 744 4374 fuerit.)
763 4311 919 4375 maleficium
937 4321 986 4362 aut
1004 4312 1104 4373 socium
1121 4312 1190 4373 quod
1207 4323 1261 4360 non
1279 4322 1343 4373 opus
1362 4307 1442 4369 [osmi

120 4383 150 4431 T.
169 4408 203 4418 -
233 4383 276 4433 17.
297 4383 489 4449 etpsrficiendt
508 4398 560 4432 orn.
580 4382 643 4431 PFT
663 4388 690 4431 et
710 4395 748 4443 pr.
769 4382 821 4439 Α..
842 4385 892 4431 del.
914 4382 974 4432 Scir.
1012 4383 1065 4432 llos
1084 4385 1249 4433 seclusimus.
1278 4404 1306 4416 ·-
1340 4380 1383 4429 18.
1404 4381 1443 4428 est

121 4457 213 4504 occisio
232 4454 359 4504 PABFT:
381 4457 473 4502 occisio
493 4462 531 4502 ost
551 4454 591 4511 ll,
613 4455 706 4502 occisio
723 4455 787 4512 (om.
807 4456 855 4509 est)
876 4453 988 4503 Ernestii
1008 4467 1113 4513 operae.
1137 4476 1165 4488 -
1199 4451 1241 4501 19.
1261 4452 1290 4500 in
1307 4453 1364 4512 ipso
1382 4449 1440 4498 loco

119 4525 238 4590 suescit
256 4526 293 4581 T,
313 4526 343 4574 1..
366 4549 394 4561 -·
415 4526 458 4575 Pl).
479 4524 577 4574 redisse
594 4523 721 4572 Pltl'llT:
740 4523 847 4573 rediisse
866 4523 922 4573 sii.
943 4549 974 4560 -
991 4531 1098 4587 postero
1116 4523 1151 4579 P,
1173 4523 1201 4570 Ι..
1224 4547 1252 4559 -
1273 4522 1316 4571 22.
1335 4526 1359 4572 et
1378 4527 1441 4572 suta

119 4609 144 4646 r.
163 4598 329 4659 arpumentis
347 4609 399 4644 om.
420 4594 462 4644 FT
481 4603 506 4644 et
531 4609 569 4656 pr.
589 4595 618 4643 P.
655 4592 712 4657 (pro
731 4599 754 4643 st
773 4594 796 4642 u
812 4593 933 4656 partim.)
953 4617 982 4630 -
1002 4594 1194 4659 aspramentoiis
1218 4591 1274 4645 list.
1293 4599 1319 4642 et
1340 4605 1379 4652 pr.
1407 4591 1439 4653 P,

121 4680 170 4717 om.
185 4667 216 4716 T.
237 4666 290 4717 Nos
303 4667 465 4717 seclusimus.
485 4666 606 4728 (Videtur
618 4666 694 4728 gloss.
709 4673 795 4714 ortum
809 4680 839 4717 er
852 4667 933 4715 altero
947 4667 1091 4714 tormentis.
1108 4662 1173 4718 01.)
1195 4684 1219 4696 ·
1237 4663 1280 4712 21.
1295 4663 1440 4713 iudicasset

120 4735 275 4788 usuras:
294 4743 348 4796 cst,
366 4737 462 4786 iudices
483 4737 513 4786 lt.
530 4760 559 4773 -
579 4737 623 4785 27.
644 4736 675 4783 V.
695 4735 825 4799 maleficio
843 4737 950 4786 seclusit
971 4735 1008 4793 Ε,
1029 4734 1080 4783 del.
1102 4734 1123 4782 L
1142 4739 1168 4784 et
1186 4732 1236 4783 Scb
1263 4733 1357 4783 -18,
1376 4735 1440 4782 toas

121 4815 157 4860 est
175 4807 328 4860 causus:
349 4813 386 4854 ost
404 4808 465 4857 tusc
484 4808 514 4856 lt.
537 4830 566 4843 -
585 4807 627 4855 ³2.
645 4806 724 4867 plone
742 4818 794 4871 orn.
814 4807 865 4856 ΤΤ.
889 4830 917 4842 -
938 4804 980 4855 33.
1000 4804 1115 4852 dicemus
1133 4817 1188 4852 rem
1201 4805 1285 4863 Pbil,
1307 4803 1438 4865 Ert.,1.s

120 4893 174 4933 csta
190 4880 305 4933 Manius
322 4877 422 4930 ms.
446 4901 473 4914 -
495 4877 538 4929 31.
558 4874 669 4943 quidam]
689 4878 759 4942 quod
775 4877 814 4938 P,
833 4890 885 4927 om.
907 4875 975 4926 ΒΗΤ
994 4876 1105 4939 sitique.
1141 4874 1195 4927 Nos
1212 4877 1375 4927 seclusimus.
