3232 5392
165 225 231 291 8⁰2
688 222 742 287 ΒΕ
765 216 955 290 ORATORE

168 405 249 472 quac
270 381 397 472 quidem
418 391 454 448 ut
473 382 557 466 apud
579 383 716 448 Graecos
737 383 914 448 Atticorum
935 384 981 448 sic
1000 383 1033 447 in
1051 379 1162 447 Latino
1176 400 1320 448 sermone
1336 379 1429 447 buius
1444 388 1492 446 est

166 480 254 545 urbis
273 481 409 544 maxime
430 479 571 564 propria.
617 477 669 541 43.
693 479 823 541 Athenis
844 477 907 542 iam
929 476 983 543 diu
1005 474 1147 541 doctrina
1165 473 1307 558 ipsorum
1321 474 1496 539 Athenien·

168 575 250 640 sium
270 573 405 652 interiit;
426 569 620 636 domicilium
643 579 763 635 mutum
785 574 818 635 in
839 573 894 636 illa
911 573 993 637 urbe
1007 577 1148 635 remanet
1162 567 1354 646 studiorum,
1379 568 1496 656 quibus

168 674 278 734 vacant
308 667 408 741 cives,
441 663 600 751 peregrini
635 665 782 729 fruuntur
816 667 898 748 capti
927 664 1162 751 quodammodo
1189 667 1317 729 nomine
1347 665 1435 728 urbis
1465 671 1497 728 et

145 763 369 828 tauctoritate:
408 768 512 824 tamen
543 757 771 825 eruditissimos
805 759 949 825 homines
981 757 1134 824 asiaticos
1168 757 1271 843 quiris
1296 755 1497 822 Atheniensis

167 857 311 923 indoctus
325 875 389 920 non
404 856 509 920 verbis
523 856 580 919 sed
595 875 674 920 sono
688 853 776 919 vocis
790 876 849 918 nec
868 861 931 919 tam
953 855 1035 917 bene
1057 871 1152 936 quam
1174 852 1312 918 suaviter
1333 849 1494 937 loquendo

167 951 258 1017 facile
279 948 451 1032 superabit.
496 950 604 1013 Nostri
631 949 734 1013 minus
755 949 881 1013 student
901 945 1014 1013 litteris
1036 965 1131 1033 quam
1152 947 1267 1011 Latini.
1313 949 1432 1010 Tamen
1455 966 1497 1010 ex

167 1047 251 1121 istis,
274 1065 353 1132 quos
374 1041 489 1119 nostis,
512 1042 656 1117 urbanis,
678 1043 848 1126 inquibus
870 1041 1033 1106 minimum
1055 1048 1103 1105 est
1116 1039 1306 1116 litterarum,
1329 1061 1422 1105 nemo
1438 1049 1495 1115 est,

167 1141 243 1228 quin
264 1139 522 1229 litteratissimum
543 1144 723 1220 togatorum
744 1137 906 1213 omnium,
936 1137 974 1215 Q.
993 1134 1153 1202 Valerium
1176 1138 1347 1211 Soranum,
1370 1135 1497 1201 lenitate

129 1237 255 1300 sovocis
277 1243 371 1320 atque
392 1233 463 1316 ipso
484 1229 550 1297 oris
571 1251 683 1318 pressu
704 1239 737 1296 et
758 1251 835 1296 sono
858 1230 950 1297 facila
971 1229 1085 1296 vincat.
1128 1232 1199 1295 llll.
1220 1233 1273 1296 44.
1296 1233 1401 1309 Quare
1422 1250 1495 1295 cum

167 1329 208 1394 sit
228 1323 381 1413 quaedam
403 1332 489 1391 certa
514 1345 580 1391 vox
600 1327 733 1392 Romani
761 1325 886 1407 generis
911 1325 1060 1411 urbisque
1087 1325 1233 1412 propria,
1266 1325 1299 1390 in
1327 1345 1389 1412 qua
1416 1323 1496 1390 nihil

167 1420 300 1496 offendi,
322 1419 403 1486 nibil
423 1420 608 1506 displicere,
630 1421 708 1484 nihil
730 1418 936 1487 animadverti
958 1422 1075 1506 possit,
1099 1418 1178 1484 nihil
1199 1439 1312 1485 sonare
1334 1428 1389 1485 aut
1410 1418 1496 1484 olere

166 1517 385 1603 peregrinum,
407 1511 487 1578 banc
508 1533 679 1598 sequemur
699 1535 802 1601 neque
824 1512 927 1580 solnm
949 1512 1096 1580 rusticam
1116 1513 1317 1600 asperitatem
1332 1512 1496 1580 sedetiam

168 1611 365 1696 peregrinam
379 1607 579 1675 insolentiam
591 1605 703 1691 ingere
718 1607 884 1676 discamuss
928 1611 982 1674 45.
1005 1608 1160 1694 Equidem
1176 1627 1246 1673 cum
1261 1606 1355 1674 audio
1370 1627 1496 1674 sucmm

130 1722 160 1764 ss
170 1725 272 1770 meam
284 1702 439 1777 Laeliam,
455 1735 496 1749 -
517 1699 640 1766 facilius
655 1703 738 1770 enim
753 1704 900 1770 mulieres
915 1705 1124 1787 incorruptam
1141 1705 1356 1789 antiquitatem
1371 1724 1498 1770 conser-

169 1805 261 1874 vant,
284 1799 370 1886 quod
391 1798 561 1862 multomm
582 1799 739 1863 sermonis
761 1806 906 1885 expertes
928 1817 966 1862 ea
987 1804 1097 1862 tenent
1117 1818 1259 1885 semper,
1291 1820 1370 1887 quae
1392 1800 1496 1884 prima

168 1892 416 1971 didiceram-3
438 1894 585 1956 sedeam
608 1892 654 1956 sic
675 1894 788 1967 audio,
820 1900 856 1956 ut
876 1891 1017 1957 Plautum
1041 1891 1117 1956 mibi
1139 1900 1194 1957 aut
1214 1896 1364 1959 Naevium
1385 1892 1496 1960 videar

168 1986 290 2054 audire.
335 1989 420 2052 Sono
443 1985 514 2070 ipso
536 1985 624 2051 vocis
645 1988 688 2052 ita
710 1995 796 2052 recto
819 1993 851 2052 et
872 1984 1005 2072 simplici
1028 1994 1090 2062 est,
1124 1995 1159 2051 ut
1179 1986 1257 2053 nihil
1279 1988 1497 2052 ostentationis

168 2091 225 2150 aut
252 2081 434 2148 imitationis
462 2078 577 2146 afferre
603 2082 765 2158 rideatur3
803 2101 843 2152 ex
870 2101 934 2166 quo
962 2081 1008 2146 sic
1028 2081 1169 2147 locutum
1192 2102 1261 2147 esse
1284 2084 1352 2147 eius
1373 2088 1496 2168 patrem

124 2180 293 2256 uindico,
328 2177 373 2241 sic
394 2175 549 2252 maiores3
582 2196 647 2239 non
669 2194 781 2261 aspere
802 2182 840 2241 ut
858 2174 931 2252 ille,
965 2195 1061 2262 quem
1082 2173 1168 2252 dixi,
1203 2196 1268 2241 nou
1289 2185 1395 2253 vaste,
1430 2196 1497 2242 non

168 2271 304 2349 rustice,
338 2289 404 2336 non
433 2268 555 2346 hiulce,
590 2273 645 2335 sed
672 2289 779 2356 presse
801 2276 834 2334 et
854 2267 1064 2357 aequabiliter
1085 2276 1117 2334 et
1138 2271 1262 2340 leniter.
1304 2273 1357 2336 46.
1391 2273 1497 2349 Quare

169 2369 260 2433 Cotta
280 2374 405 2440 noster,
435 2364 524 2429 cuius
544 2371 580 2427 tu
600 2363 654 2428 illa
675 2362 753 2438 lata,
785 2364 919 2448 Sulpici,
950 2385 1177 2452 nonnunquam
1200 2365 1349 2441 imitaris,
1371 2372 1407 2429 ut
1428 2367 1497 2430 Iota

169 2458 303 2526 litteram
326 2457 418 2524 tollas
440 2464 472 2522 et
491 2461 517 2522 E
538 2456 754 2543 plenissimum
775 2457 879 2535 dicas,
913 2479 978 2524 non
1006 2460 1085 2524 mihi
1109 2466 1251 2525 oratores
1273 2462 1418 2547 antiquos
1440 2458 1496 2526 sed

169 2573 324 2620 messores
345 2551 470 2619 videtur
490 2551 618 2617 imitari.
664 2552 724 2618 llic
746 2574 818 2618 cum
839 2555 997 2619 arrisisset
1021 2553 1090 2638 ipse
1120 2552 1294 2637 Sulpicius,
1327 2554 1380 2618 Sic
1406 2574 1496 2638 agam

132 2651 351 2724 ssvohtsmm,
384 2645 486 2733 iuquit
508 2649 655 2724 Crassus,
687 2653 741 2724 ut,
771 2647 923 2734 quoniam
944 2668 995 2713 me
1016 2646 1106 2733 loqui
1126 2649 1288 2726 voluistis,
1317 2646 1436 2734 aliquid
1458 2651 1497 2712 de

169 2741 282 2809 vestris
303 2741 386 2806 vitiis
407 2738 552 2806 audiatis.
598 2740 718 2807 Utinam
740 2744 886 2829 quidem!
910 2743 1012 2829 inquit
1025 2743 1098 2807 ille:
1123 2744 1155 2807 id
1177 2745 1260 2808 enim
1281 2744 1386 2827 ipsum
1407 2744 1499 2808 volu·

76 2888 79 2895 .
168 2857 256 2912 mus,
292 2834 386 2922 idque
408 2837 435 2900 si
455 2833 589 2912 seceris,
627 2837 741 2912 multa,
778 2844 813 2901 ut
834 2834 990 2912 arbitror,
1026 2837 1079 2901 bic
1107 2838 1203 2903 hodie
1228 2836 1305 2904 vitia
1324 2857 1492 2923 ponemus.

168 2933 222 2997 47.
253 2933 294 2994 ht
313 2931 398 2995 enim
419 2949 484 2996 non
505 2931 572 2996 siue
595 2949 667 2996 meo
689 2929 848 3014 periculo,
878 2935 1008 2998 Crassus
1029 2929 1151 3018 inquit,
1180 2951 1329 3019 possum,
1360 2931 1495 3018 Sulpici,

167 3033 201 3090 te
223 3026 474 3112 reprehendere,
496 3023 646 3110 'quoniam
667 3025 821 3091 Antonius
841 3024 920 3089 mihi
934 3033 965 3090 tc
979 3025 1171 3091 simillimum
1195 3026 1276 3092 dixit
1296 3024 1357 3092 sihi
1379 3025 1493 3093 videri.

132 3123 215 3186 scTu
237 3140 332 3199 ser03
370 3119 472 3206 inquit
492 3118 563 3212 ille,
597 3120 747 3204 quoniam
770 3119 892 3183 monuit
914 3117 1017 3196 idem,
1054 3127 1165 3195 ntea,
1199 3140 1278 3207 quae
1306 3123 1339 3185 in
1368 3142 1496 3208 quoque

169 3213 306 3279 maxima
328 3221 451 3290 essent,
474 3212 684 3293 imitaremur-3
721 3233 762 3280 ex
784 3234 848 3300 quo
870 3233 1006 3291 vereor,
1030 3233 1070 3278 ne
1092 3212 1170 3279 nibil
1192 3216 1250 3279 sim
1272 3214 1318 3280 tui
1339 3214 1402 3281 nisi
1424 3236 1497 3302 sup-

168 3309 345 3395 plosionem
373 3309 465 3393 pedis
490 3308 630 3374 imitatus
658 3314 690 3372 et
717 3328 818 3392 pauca
846 3311 1002 3394 quaedam
1029 3306 1128 3373 rerba
1156 3315 1187 3373 et
1208 3308 1344 3395 aliquem
1367 3312 1393 3375 si
1415 3309 1497 3375 sorte

170 3411 302 3469 motum.
346 3409 429 3489 Ergo
452 3406 527 3478 ista,
548 3405 652 3490 inquit
673 3404 817 3477 Crassus,
841 3423 922 3489 quae
944 3400 1040 3468 babes
1062 3424 1080 3466 a
1102 3422 1170 3478 me,
1194 3423 1259 3468 non
1280 3403 1496 3489 reprehendo,

169 3519 211 3562 ne
232 3516 283 3562 me
303 3496 408 3580 ipsum
427 3497 595 3576 irrideam3
620 3534 661 3545 -
693 3507 765 3562 sunt
792 3506 898 3564 antem
920 3519 990 3562 mea
1011 3499 1111 3561 multo
1133 3504 1165 3561 et
1185 3495 1277 3580 plura
1298 3509 1331 3564 et
1351 3502 1495 3577 maiora,

132 3611 264 3679 ssquam
286 3594 365 3658 dicis
386 3629 428 3643 -
461 3613 542 3680 qnae
568 3600 674 3658 autem
699 3600 771 3659 sunt
792 3601 847 3659 aut
868 3601 920 3657 tua
941 3591 1034 3678 plane
1056 3599 1110 3656 sut
1131 3593 1306 3658 imitatione
1328 3613 1368 3658 ex
1390 3595 1496 3679 aliquo

170 3704 335 3771 expressa,
374 3683 414 3751 de
435 3687 474 3752 iis
502 3695 551 3764 te,
588 3685 689 3772 siqui
711 3707 762 3752 me
790 3688 873 3753 forte
904 3688 994 3753 locus
1022 3686 1240 3764 admonuerit,
1277 3691 1497 3754 commonebo.

170 3781 258 3846 x111.
281 3781 334 3845 48.
357 3780 593 3847 Praetereamus
614 3783 712 3866 igitur
732 3791 899 3869 praecepta
920 3780 1030 3846 Latine
1055 3779 1221 3867 loquendi,
1257 3803 1337 3866 quae
1366 3781 1497 3867 puerilis

171 3870 313 3937 doctrina
341 3873 437 3940 tradit
467 3884 500 3941 et
526 3873 674 3941 subtilior
695 3877 833 3961 cognitio
856 3896 893 3941 ac
915 3875 995 3940 ratio
1018 3878 1190 3941 litterarum
1213 3875 1268 3941 alit
1289 3886 1344 3943 ant
1365 3897 1498 3944 consue-

171 3968 248 4032 tudo
270 3968 425 4034 sermonis
446 3970 620 4054 quotidiani
642 3992 679 4034 ac
700 3973 881 4048 domestici,
905 3969 978 4035 libri
1002 3969 1187 4035 confirmant
1201 3978 1232 4035 et
1245 3971 1340 4038 lectio
1354 3980 1497 4038 veterum

132 4067 333 4128 moratorum
356 4071 388 4128 et
407 4072 583 4150 poetarum.
625 4067 734 4153 Neque
756 4088 832 4131 vero
854 4068 888 4130 in
910 4063 964 4129 illo
987 4064 1087 4131 altero
1108 4063 1225 4130 diutius
1247 4086 1495 4142 commoremur,

170 4163 207 4223 ut
226 4157 437 4244 disputemus,
471 4158 586 4244 quibus
607 4162 703 4225 rebus
725 4160 851 4246 assequi
871 4161 1044 4247 possimus,
1080 4166 1115 4225 ut
1135 4181 1189 4236 ea,
1203 4219 1210 4224 .
1223 4182 1304 4246 quae
1334 4160 1494 4237 dicamus,

170 4251 395 4347 intelligantur·
439 4254 492 4318 49.
516 4255 624 4318 Latine
647 4253 765 4319 scilicet
786 4254 939 4332 dicendo,
963 4253 1067 4320 verbis
1089 4256 1212 4322 usitatis
1233 4276 1270 4320 ac
1292 4254 1421 4342 proprie
1442 4257 1498 4319 de-

170 4345 415 4412 monstrantibus
437 4366 492 4424 ea,
525 4367 606 4434 quae
627 4346 795 4434 significari
815 4370 853 4414 ac
874 4349 1027 4415 declarari
1050 4349 1211 4429 volemus,
1246 4351 1315 4417 sine
1344 4351 1495 4435 ambiguo

170 4657 172 4660 ,
241 4604 268 4656 1.
287 4604 329 4667 ut]
346 4610 422 4656 mutu
434 4602 494 4669 (stc)
507 4607 539 4656 Β.
554 4631 584 4644 -·
603 4607 632 4659 ὅ.
649 4607 767 4660 Asiatico
779 4609 810 4659 Β.
825 4635 857 4647 -
874 4609 901 4661 ’1.
920 4610 1016 4662 Latius
1027 4611 1061 4662 Β.
1074 4634 1108 4648 -
1127 4613 1172 4663 21.
1191 4612 1339 4678 usquulttsr
1351 4615 1385 4665 lt.
1399 4638 1433 4649 -
1451 4611 1496 4663 2³.

172 4673 197 4725 lt
215 4687 267 4725 um·
284 4675 341 4726 ΒΒ.
366 4702 397 4715 -
422 4677 602 4740 plenissimum
620 4679 652 4733 Β.
678 4704 708 4717 -
737 4679 781 4730 st.
800 4680 897 4731 uideris
914 4682 945 4731 Β.
973 4707 1008 4718 -
1033 4683 1077 4734 ³0.
1098 4683 1137 4734 Tu
1154 4697 1233 4748 uero,
1250 4687 1336 4750 iuquit
1352 4685 1414 4742 illa,
1434 4696 1499 4748 quo-

172 4746 247 4794 nium
263 4759 279 4797 s
298 4746 385 4809 Ctd.,
405 4755 435 4799 ut
452 4749 505 4809 alt,
532 4749 700 4801 bamblnus:
730 4749 797 4800 Tum
814 4752 877 4801 illc:
908 4758 965 4802 tum
983 4754 1052 4817 quud
1071 4766 1131 4805 cum
1150 4758 1244 4807 ceterls
1264 4756 1336 4807 llbrls
1355 4758 1446 4815 (etlam
1466 4752 1497 4816 B)

172 4815 345 4941 abbo-ndi·
363 4818 451 4871 multu
468 4818 500 4872 Β.
517 4841 553 4862 -ι
570 4825 595 4872 st
611 4823 717 4873 mutere
733 4834 787 4873 um.
806 4821 840 4874 ll.
860 4845 892 4860 -·
910 4822 954 4874 ³6·
974 4823 1014 4876 hia
1031 4824 1063 4874 Β.
1084 4850 1114 4863 -
1135 4827 1195 4892 quis
1213 4826 1269 4879 llll.
1290 4851 1321 4866 -·
1344 4826 1389 4879 41.
1409 4825 1497 4887 retest]
