3232 5392
529 250 605 317 tm.
631 249 684 317 IV.
730 246 765 316 C.
792 250 842 316 ta.
869 251 918 318 1a.
944 251 993 316 15.
1386 250 1426 320 52

104 417 171 477 tum
192 411 363 477 venustatis
391 413 510 487 babet,
547 422 611 477 tum
641 412 800 496 gravitatis
830 419 862 476 et
882 411 1072 477 acrimoniae
1095 409 1275 497 plurimum.
1321 413 1427 488 Quare

103 509 319 573 videturesse
340 507 519 574 adhibenda
540 516 572 572 et
593 511 633 572 ad
655 511 825 572 ornandam
849 518 881 572 et
901 512 940 572 ad
963 511 1177 590 exaugendam
1200 508 1385 571 orationem.

189 603 361 667 Conversio
384 612 449 679 est,
472 626 531 686 per
553 623 645 689 quam
667 621 745 675 non,
769 612 804 666 ut
825 612 916 679 ante,
942 601 1077 688 primum
1093 603 1265 684 repetimus
1279 601 1425 676 verbum,

103 699 161 762 sed
182 695 221 762 ad
243 705 436 782 postremum
460 700 657 765 continenter
677 698 886 773 revertimur,
910 700 971 762 hoc
993 699 1110 762 modo:
1147 698 1270 761 Poenos
1291 695 1427 779 populus

102 797 262 858 llomanus
285 792 402 855 iustitia
424 792 516 868 vicit,
551 797 647 858 armis
669 788 765 865 vicit,
803 791 992 857 liberalitate
1014 791 1100 856 vicit.
1145 784 1247 855 Item:
1286 792 1335 853 Ex
1363 807 1452 874 quos

103 893 245 971 tempore
279 888 447 950 concordia
477 890 515 950 de
545 890 668 955 civitate
695 886 815 952 sublata
844 895 910 962 est,
949 883 1076 952 libertas
1103 883 1224 951 sublata
1247 892 1312 958 est,
1349 880 1426 946 fides

103 979 225 1044 sublata
238 986 306 1054 est,
329 982 464 1044 amicitia
485 981 608 1047 sublata
628 993 695 1060 est,
722 1006 772 1047 res
794 981 920 1066 publica
933 983 1056 1045 sublata
1070 990 1128 1046 est.
1174 982 1270 1046 ltem:
1296 980 1331 1042 C.
1349 980 1429 1040 Lae·

103 1076 163 1138 lius
184 1077 281 1138 homo
303 1095 401 1141 navus
423 1084 510 1151 erat,
534 1076 716 1161 ingeniosus
740 1085 821 1149 erat,
845 1078 955 1140 doctus
979 1084 1066 1149 erat,
1098 1078 1190 1140 bouis
1211 1075 1288 1139 viris
1311 1080 1343 1136 et
1365 1080 1429 1135 stu-

104 1167 201 1234 diosis
216 1171 334 1233 amicus
356 1179 442 1235 erat:
467 1193 542 1255 ergo
565 1175 598 1236 in
621 1176 746 1238 civitate
768 1174 888 1259 primus
911 1178 988 1235 erat.
1034 1173 1131 1234 ltem:
1157 1175 1235 1233 Nam
1251 1188 1323 1233 cum
1338 1169 1428 1240 istos,

102 1272 138 1325 ut
158 1264 323 1327 absolvant
344 1274 393 1339 te,
417 1286 528 1347 rogas,
551 1276 586 1330 ut
608 1271 766 1354 peierant,
790 1288 899 1350 rogas3
924 1274 958 1329 ut
972 1263 1235 1330 existimationem
1254 1261 1428 1348 negligant,
1440 1281 1468 1321 ro

187 1454 270 1517 XIV.
304 1456 356 1516 20.
394 1454 579 1536 Complexio
609 1465 677 1532 est,
714 1477 794 1542 quae
822 1467 986 1540 utramque
1009 1457 1226 1538 complectitur
1249 1452 1430 1518 exornatio-

103 1565 197 1629 nem,
220 1556 251 1609 et
272 1549 353 1611 hauc
377 1556 409 1611 ot
431 1568 525 1633 quam
548 1559 618 1614 ante
642 1552 868 1636 exposuimus,
893 1558 929 1612 ut
943 1558 975 1613 et
991 1557 1151 1630 repetatur
1165 1550 1247 1611 idern
1266 1542 1426 1630 [primum]

103 1643 234 1702 verbum
257 1643 382 1723 saepius
405 1650 437 1705 et
458 1646 571 1707 crebro
593 1648 632 1708 ad
654 1647 737 1708 idom
760 1654 954 1728 postremum
979 1651 1196 1716 revertamur,
1226 1644 1288 1707 hoo
1310 1642 1426 1704 modo:

104 1735 165 1810 Qui
188 1746 275 1808 sunt,
308 1736 362 1821 qui
384 1734 513 1801 foedera
536 1760 630 1822 saepe
653 1744 823 1821 ruperunt?
847 1739 1134 1821 Karthaginienses.
1180 1738 1241 1813 Qui
1264 1743 1349 1808 sunt,
1373 1734 1465 1818 quius

103 1830 230 1894 crudele
263 1830 380 1895 bellum
413 1830 444 1895 iu
477 1833 563 1896 ltalia
597 1839 780 1917 gesserunt?
816 1835 1103 1915 Karthaginienses.
1154 1832 1216 1907 Qui
1249 1838 1336 1903 sunt,
1374 1826 1428 1911 qui

103 1924 221 1988 ltaliam
244 1927 524 1991 deformaverunt?
555 1927 841 2011 Karthaginienses.
887 1928 948 2004 Qui
977 1935 1065 1999 sunt,
1100 1928 1154 2010 qui
1175 1923 1244 1988 sibi
1271 1924 1430 2006 postulant

103 2019 247 2099 ignoscit
277 2022 562 2104 Karthaginienses.
606 2025 719 2088 Videte
742 2043 838 2105 ergo,
862 2045 954 2109 quam
979 2021 1147 2087 conveniat
1168 2041 1223 2083 eos
1245 2020 1426 2100 impetrare.

92 2115 202 2207 ¹ltem:
227 2116 328 2191 Quom
352 2124 477 2180 senalus
498 2115 671 2194 damnarit,
696 2138 789 2203 quem
812 2120 948 2200 populus
961 2119 1120 2182 Romanus
1135 2112 1309 2186 damnarit,
1334 2130 1427 2196 quem

103 2209 241 2272 omnium
266 2209 455 2274 existimatio
478 2209 652 2285 damnarit,
676 2234 748 2278 eum
772 2233 827 2276 vos
850 2213 1012 2276 sententiis
1035 2211 1146 2274 vestris
1168 2206 1362 2272 absolvatis?
1436 2225 1466 2267 so

185 2305 353 2368 Traductio
377 2314 442 2379 est,
478 2325 558 2390 quae
581 2308 676 2383 lacit,
711 2310 779 2382 uti,
811 2309 989 2373 cumidem
1011 2308 1143 2369 verbum
1166 2301 1307 2367 crebrius
1329 2320 1429 2382 pona-

103 2404 173 2469 tur,
198 2418 262 2459 non
286 2397 379 2462 modo
402 2417 466 2462 uon
488 2397 627 2464 offendat
648 2401 800 2470 animum.
823 2402 877 2465 sed
894 2404 986 2465 etiam
1003 2399 1237 2464 concinniorem
1253 2395 1428 2462 orationem

102 2488 228 2563 reddat,
254 2488 313 2554 hoc
335 2501 448 2573 pacto:
489 2494 551 2569 Qui
573 2494 649 2557 nihil
672 2498 766 2559 habet
786 2495 817 2559 in
840 2497 905 2558 vita
925 2493 1092 2559 iucundius
1114 2492 1199 2566 vila,
1223 2493 1250 2555 is
1273 2511 1343 2554 cum
1366 2488 1428 2552 vir-

103 2593 166 2647 tute
197 2586 290 2647 vitam
320 2606 383 2649 uon
409 2595 514 2668 potest
541 2588 657 2653 colere.
703 2592 799 2653 ltom:
840 2591 917 2652 llum
941 2597 975 2650 tu
997 2587 1155 2651 homiuem
1178 2584 1335 2669 appellas,
1373 2582 1427 2667 qui

102 2679 257 2742 siluisset
284 2676 401 2756 bomo,
438 2703 596 2767 nunquam
627 2691 688 2746 tam
719 2681 886 2746 crudeliter
918 2683 1054 2745 bominis
1082 2683 1176 2744 vitam
1200 2681 1356 2760 petisset?
1389 2684 1465 2740 dtas

102 2783 168 2837 erat
190 2773 345 2839 inimicus.
389 2779 473 2858 Ergo
496 2777 656 2841 inimicum
679 2780 724 2841 sic
744 2779 854 2841 ulcisci
876 2777 995 2847 voluit,
1028 2783 1063 2837 ut
1091 2776 1157 2858 ipse
1185 2769 1243 2836 sibi
1275 2772 1427 2855 reperire-

101 2876 152 2931 tur
174 2869 342 2933 inimicus‘l
386 2873 483 2934 ltem:
518 2873 649 2935 Divitias
678 2876 744 2937 sine
772 2874 904 2937 divitum
933 2890 1025 2945 esse;
1061 2878 1094 2934 tu
1124 2870 1271 2931 virtutem
1300 2863 1427 2950 praefer

101 2963 227 3025 divitiis.
273 2966 351 3028 Nam
374 2964 510 3029 si'voles
534 2967 656 3030 divitias
678 2988 748 3031 cunr
773 2970 886 3031 virtute
908 2984 1110 3046 comparare,
1134 2965 1188 3026 vix
1204 2962 1278 3024 satis
1292 2961 1426 3023 idoneae

99 3058 155 3120 tibi
178 3055 368 3137 videbuntur
390 3057 536 3132 divitiae,
574 3081 654 3145 quae
677 3063 800 3127 virtutis
823 3063 1015 3147 pedisequae
1036 3061 1108 3121 sint.
1161 3059 1212 3120 21.
1242 3058 1291 3118 Ex
1313 3056 1426 3118 eodem

100 3171 215 3235 genere
239 3160 286 3214 est
308 3153 541 3228 exornationis,
565 3153 740 3219 cumidem
764 3159 895 3219 verbum
919 3156 1046 3236 ponitur
1060 3155 1155 3217 modo
1179 3153 1211 3213 in
1225 3153 1304 3223 hac,
1331 3151 1426 3212 modo
1437 3164 1465 3205 ³⁰

99 3248 132 3310 in
154 3245 251 3309 altera
273 3268 329 3321 re,
369 3244 429 3310 boc
452 3251 565 3312 modo:
611 3251 763 3313 Curcum
787 3271 853 3314 rom
875 3259 939 3313 tam
962 3249 1101 3312 studiose
1123 3268 1233 3320 curas,
1268 3265 1348 3330 quae
1371 3239 1427 3304 tibi

100 3341 212 3403 multas
234 3342 322 3403 dabit
343 3345 459 3404 curasl
494 3345 588 3405 ltom:
624 3346 703 3405 Nam
731 3345 830 3407 amari
860 3343 1028 3407 iucundum
1056 3350 1119 3414 est,
1155 3343 1180 3404 si
1209 3348 1351 3413 curetur,
1386 3357 1427 3400 ne

100 3435 175 3519 quid
198 3435 272 3497 insit
294 3437 404 3498 amari.
450 3438 549 3500 ltem:
583 3436 714 3500 Veniam
745 3440 784 3500 ad
814 3458 887 3512 vos,
922 3439 948 3500 si
970 3436 1046 3501 mihi
1071 3445 1196 3498 senatus
1218 3438 1271 3499 det
1292 3434 1427 3497 veniam.

100 3533 136 3594 ln
156 3530 205 3592 bis
227 3538 375 3614 quattuor
397 3531 563 3613 generibus
595 3534 856 3606 exornatiouum,
895 3550 975 3616 quae
1006 3532 1109 3593 adbuc
1137 3530 1319 3613 propositae
1342 3531 1425 3600 sunt,

100 3644 164 3688 uon
192 3625 299 3707 inopia
328 3628 496 3689 verborum
525 3624 579 3700 fit,
615 3636 649 3690 ut
675 3624 714 3689 ad
744 3625 826 3688 idom
854 3629 986 3688 verbum
1017 3626 1163 3687 redeatur
1189 3622 1336 3704 saepius;
1372 3623 1464 3688 sedas

98 3719 179 3781 inest
208 3717 381 3794 festivitas,
416 3740 496 3806 quae
528 3719 650 3784 facilius
682 3721 810 3783 auribus
842 3719 1007 3783 diiudicari
1039 3738 1132 3803 quam
1160 3719 1265 3801 verbis
1297 3719 1427 3780 demon·

99 3814 190 3877 stravi
212 3821 327 3895 potest

184 3909 253 3970 KV.
278 3908 443 3972 Conteulio
466 3917 534 3983 est,
565 3929 635 3972 cum
658 3928 697 3971 ex
719 3909 884 3972 contrariis
905 3903 1010 3970 verbis
1033 3915 1087 3970 aut
1108 3902 1203 3969 robus
1226 3907 1327 3970 oratio
1351 3924 1426 3968 con-

98 3999 222 4077 ficitur,
257 4000 319 4066 boc
340 4012 453 4087 paeto:
492 4005 597 4067 llabot
618 4005 785 4067 assentatio
809 3998 944 4065 iucunda
974 4002 1149 4086 principia,
1184 4000 1294 4065 eadem
1323 3998 1425 4062 exitus

68 4097 311 4161 amarissimos
333 4096 435 4162 alfort.
482 4101 581 4162 ltem:
618 4099 754 4161 Inimicis
777 4106 806 4160 te
829 4096 1036 4181 placabilem,
1067 4097 1176 4159 amicis
1199 4089 1463 4158 inexorabilomso

98 4192 242 4276 praebes.
288 4194 388 4257 ltem:
425 4195 461 4256 ln
485 4193 550 4257 otio
573 4191 790 4267 tumultuaris;
815 4189 847 4253 iu
871 4191 1004 4253 tumultu
1027 4209 1060 4253 cs
1082 4191 1213 4253 otiosus.
1258 4191 1292 4250 ln
1316 4208 1349 4250 re
1370 4187 1427 4249 iri·

164 4413 192 4461 2.
213 4414 430 4479 saupperondom
448 4413 470 4461 T
489 4421 515 4464 et
536 4426 573 4462 re.
595 4425 661 4464 corr.
677 4415 706 4463 F.
728 4412 786 4480 Cir-p
804 4409 831 4474 §-
853 4411 896 4461 at.
913 4435 945 4444 -
964 4410 990 4459 8.
1010 4423 1094 4458 noum
1114 4408 1233 4456 PllFllT.
1254 4403 1304 4469 (lle
1324 4407 1344 4454 Α
1365 4408 1426 4459 stle-

97 4479 162 4546 tur.)
199 4483 428 4533 Correxttbaurb.
451 4508 480 4518 -
510 4483 553 4533 13.
571 4486 689 4544 primum
709 4497 761 4532 om.
777 4487 859 4530 nostrl
880 4494 969 4530 tamnes
990 4487 1017 4531 et
1036 4483 1156 4540 ptertuue
1175 4480 1229 4528 allt.
1267 4476 1425 4529 Nosseclu-

99 4559 191 4602 almus.
213 4580 242 4590 -
265 4554 307 4603 ld.
327 4563 457 4614 postremo
477 4555 508 4603 T.
530 4579 558 4588 -
589 4555 631 4601 18.
652 4569 734 4618 quom
753 4553 903 4602 resumta:
924 4553 988 4613 quid
1009 4564 1066 4599 curn
1086 4550 1178 4599 bamb.
1202 4552 1230 4600 K.
1252 4573 1280 4584 -
1311 4550 1353 4596 aa.
1375 4549 1426 4598 llo-

97 4625 262 4673 moussoux.
287 4624 361 4672 Pul.
391 4650 422 4660 -
449 4625 493 4674 21.
513 4627 554 4674 uti
572 4624 654 4672 PAB:
681 4631 709 4671 ut
729 4625 828 4672 FR'l'll.
859 4646 891 4657 -
919 4623 962 4671 21.
983 4627 1084 4669 tuom.
1105 4619 1225 4670 vanua.
1252 4644 1282 4655 ·-
1314 4621 1426 4670 bominis

96 4697 178 4744 vitum
197 4693 301 4759 PAFT:
321 4697 404 4743 tritam
423 4695 534 4744 bominis
554 4695 632 4743 llltll.
655 4718 684 4729 -
713 4695 757 4743 25.
775 4695 880 4756 petisset
899 4690 1050 4739 latuelle:
1074 4691 1193 4750 petiisset
1213 4691 1242 4741 ll.
1264 4715 1293 4726 -
1323 4690 1367 4739 ³0.
1387 4698 1425 4741 cst

97 4765 280 4814 wornottonta
297 4764 448 4821 Phbl'ltl':
468 4766 649 4814 exornationis
667 4771 703 4813 eat
725 4765 755 4812 E.
782 4789 816 4798 -
844 4764 957 4826 ponitur
975 4763 1051 4811 modo
1071 4761 1198 4811 l’llFltT:
1218 4761 1296 4810 muodo
1315 4761 1426 4824 ponitur

97 4835 151 4885 All.
176 4858 204 4868 -
238 4834 281 4883 31.
303 4836 464 4885 ttbtmultas
483 4835 612 4885 panau:
643 4835 742 4883 maltos
760 4834 807 4883 ta'bt
827 4834 857 4882 ll.
887 4832 950 4891 (om.
970 4833 1017 4882 ttbt
1042 4831 1089 4890 ll.)
1118 4857 1149 4866 —
1181 4832 1223 4883 32.
1242 4832 1310 4882 llam
1337 4833 1426 4881 amari

96 4904 222 4956 PABF'l':
242 4905 339 4957 Amori
351 4906 408 4956 llll.
429 4904 483 4955 Cir.
502 4902 531 4967 δ.
544 4904 589 4955 25.
611 4905 659 4954 bts.
676 4930 702 4942 -
725 4903 768 4953 36.
789 4903 920 4967 festivitas
931 4901 1083 4954 exorat:
1101 4902 1234 4970 {solicitas
1247 4901 1378 4969 quaedam
1390 4901 1422 4954 ll.
