3232 5392
600 234 677 299 LIB.
701 232 727 297 1.
772 229 808 296 C.
830 231 884 302 69.
905 232 958 297 60.
1381 234 1442 302 211

125 415 197 463 nem
220 400 329 460 tenere
351 401 384 459 et
403 391 568 480 persequi,
591 394 719 458 nomine
740 390 800 458 boc
822 393 1007 478 appelletur.
1052 389 1126 455 216.
1150 389 1314 456 Oratorem
1329 401 1442 473 autem,

126 490 275 578 quoniam
298 492 337 554 de
360 510 399 553 eo
422 489 618 575 quaerimus,
650 485 796 572 equidem
817 507 882 551 non
902 484 984 551 facio
1008 483 1161 562 eundem,
1184 506 1279 573 quem
1301 488 1444 568 Crassus,

129 587 183 672 qui
204 587 282 651 mibi
304 586 389 651 risam
411 591 460 648 est
481 603 607 647 omnem
636 581 777 646 omnium
802 601 908 647 rerum
929 589 1023 667 atque
1045 582 1158 646 artium
1179 583 1340 648 scientiam
1361 605 1447 651 com·

127 681 327 765 prehendere
349 699 413 745 uno
436 675 570 742 oratoris
592 675 697 739 officio
720 694 757 740 ac
777 678 925 754 nomine;
963 683 1056 762 atque
1079 699 1150 741 eum
1172 685 1249 760 puto
1271 698 1356 757 esse,
1392 679 1447 765 qni

128 782 161 840 et
179 775 288 840 verbis
309 775 350 839 ad
370 771 560 837 audiendum
582 766 726 835 ineundis
748 775 780 833 et
800 768 961 834 sententiis
982 773 1023 835 ad
1051 774 1250 857 probandum
1271 794 1472 841 accommos

128 865 208 934 datis
243 868 289 935 uti
324 871 425 955 possit
455 870 488 934 in
518 864 620 933 causis
651 863 830 931 forensibus
862 874 955 951 atque
988 866 1217 932 communibus.
1267 871 1358 934 llunc
1388 889 1448 955 ogo

128 961 252 1049 appello
281 972 440 1029 oratorem
467 982 603 1048 eumque
630 982 698 1025 esse
727 968 891 1047 praeterea
912 960 1097 1027 instructum
1119 985 1198 1028 voce
1219 971 1253 1028 et
1273 966 1396 1031 actione
1418 972 1451 1030 et

128 1058 238 1143 lepore
259 1059 397 1144 quodam
418 1056 503 1123 volo.
548 1057 622 1121 216.
659 1058 787 1122 Crassus
814 1075 891 1121 vero
911 1053 990 1120 mibi
1010 1065 1118 1122 noster
1138 1060 1225 1125 visus
1248 1067 1295 1124 est
1315 1064 1451 1128 oratoris

130 1152 309 1218 facultatem
330 1173 395 1217 non
416 1150 500 1217 illius
521 1149 597 1215 artis
618 1149 760 1216 terminis
781 1147 860 1215 sed
851 1149 968 1232 ingenii
984 1170 1033 1214 sur
1025 1147 1185 1217 finibus
1176 1157 1338 1222 immensis
1352 1176 1451 1243 paene

130 1246 321 1312 describere.
366 1250 446 1310 Nam
468 1253 501 1311 et
521 1245 682 1309 civitatum
703 1245 912 1354 regendarum
936 1241 1055 1308 oratori
1075 1242 1285 1327 gubernacula
1299 1254 1452 1317 sententia
1460 1272 1489 1314 ιι

130 1361 188 1407 sua
209 1340 355 1420 tradidit,
392 1343 425 1405 in
446 1361 509 1428 quo
531 1360 595 1447 per
612 1337 689 1405 mibi
710 1340 826 1407 mirum
846 1339 947 1405 visum
976 1344 1043 1413 est,
1076 1341 1240 1418 Scaevola,
1274 1351 1305 1409 te
1325 1347 1386 1411 hoc
1407 1346 1452 1414 illi

131 1437 327 1512 concedere,
365 1457 438 1501 cum
466 1431 649 1520 saepissime
680 1430 738 1499 tibi
770 1439 895 1499 senatus
924 1429 1066 1497 breviter
1096 1434 1302 1525 impoliteque
1336 1439 1451 1507 dicenti

130 1531 277 1596 maximis
299 1531 339 1594 sit
359 1531 399 1595 de
420 1532 517 1596 rebus
538 1549 695 1594 assensus.
738 1532 781 1595 Μ.
797 1549 875 1595 vero
899 1528 1051 1601 Scaurus,
1074 1548 1166 1613 quem
1186 1551 1251 1598 non
1272 1535 1365 1643 longe
1386 1538 1454 1600 ruri

131 1623 216 1712 apud
236 1646 270 1690 se
292 1644 361 1690 esse
382 1625 493 1701 audio,
516 1625 566 1689 rir
586 1621 743 1710 regendae
765 1625 813 1688 rei
834 1621 979 1730 publicae
1000 1620 1243 1703 scientissimus,
1267 1649 1294 1692 ιι
1285 1627 1453 1704 audierit,

131 1721 213 1786 banc
235 1720 452 1785 anctoritatem
473 1719 633 1804 gravitatis
654 1725 687 1783 et
708 1716 832 1783 consilii
854 1737 901 1782 sur
892 1714 1075 1783 vindicari
1097 1737 1117 1781 a
1137 1726 1182 1794 te,
1209 1722 1337 1801 Crasse,
1368 1728 1490 1810 quodie

132 1834 203 1880 earn
233 1814 367 1881 oratoris
395 1815 556 1900 propriam
583 1832 653 1877 esse
682 1812 785 1888 dicas,
818 1810 901 1887 iam,
935 1813 1050 1887 credo,
1085 1809 1145 1877 buc
1172 1815 1276 1879 veniat
1308 1824 1340 1881 et
1373 1821 1454 1885 banc

132 1907 354 1996 loquacitatem
376 1916 515 1972 nostram
537 1907 656 1972 vultu
647 1926 715 1992 ipso
737 1914 929 1993 aspectuque
955 1912 1149 1986 conterreat;
1184 1910 1237 1994 qui
1267 1930 1455 1999 quamquam
1548 1897 1555 1915 ’

133 2006 211 2070 est'
202 2026 236 2069 ιιι
257 2000 391 2070 dicendo
413 2003 542 2066 minime
564 2004 829 2076 contemnendus,
851 2000 1016 2083 prudentia
1031 2007 1135 2065 anen
1149 2023 1255 2067 rerum
1270 2025 1454 2090 magnarum

132 2099 235 2183 magis
256 2117 350 2184 quam
372 2095 496 2162 dicendi
519 2104 586 2161 arte
608 2097 728 2161 nititur.
772 2098 846 2161 216.
876 2097 986 2179 Neque
1014 2114 1112 2170 vero,
1147 2095 1175 2161 si
1196 2096 1267 2183 quis
1287 2109 1455 2188 utrumqne

134 2201 255 2278 potest,
292 2199 346 2257 aut
377 2190 430 2256 ille
458 2189 582 2256 consilii
603 2189 721 2277 publici
741 2197 852 2254 auctor
872 2207 908 2253 ac
928 2195 1056 2253 senator
1075 2185 1178 2255 bonne
1200 2194 1242 2256 ob
1265 2213 1333 2260 eam
1356 2196 1454 2281 ipsam
1467 2214 1495 2255 so

135 2307 260 2352 causam
283 2293 391 2352 orator
411 2292 476 2364 est;
500 2295 554 2350 aut
573 2287 626 2349 bio
647 2283 782 2350 disertus
802 2291 897 2367 atque
920 2281 1088 2368 eloquens,
1110 2282 1138 2348 si
1160 2293 1208 2350 est
1228 2285 1344 2353 idcm
1333 2310 1367 2354 ιιι
1382 2309 1457 2372 pro-

135 2381 297 2446 curatione
318 2379 452 2445 civitatis
474 2383 633 2466 egregins,
666 2379 802 2466 aliquam
829 2377 992 2442 scientiam
1017 2378 1141 2442 dicendi
1164 2383 1255 2466 copia
1276 2389 1325 2447 cst
1345 2404 1456 2448 conse-

135 2482 237 2540 cutus.
281 2473 412 2540 llultum
444 2473 527 2540 inter
555 2497 590 2539 se
616 2473 729 2541 distant
755 2474 832 2537 istae
857 2468 1017 2536 facultates
1037 2470 1196 2559 longeque
1218 2484 1291 2541 sunt
1313 2475 1455 2543 diversae

134 2578 230 2655 atque
259 2567 435 2645 seiunctae,
470 2590 576 2654 neque
606 2570 715 2634 eadem
745 2569 866 2631 ratione
897 2587 933 2630 ac
962 2563 1014 2630 ria
1038 2569 1083 2632 Μ.
1098 2570 1191 2650 Cato,
1223 2572 1258 2634 P.
1275 2569 1456 2650 Africanus,

136 2664 177 2740 Q.
195 2661 353 2738 Metellus,
378 2664 412 2728 C.
429 2663 570 2738 Laelius,
598 2664 652 2750 qui
674 2681 782 2728 omnes
804 2659 986 2747 eloquentes
1007 2656 1149 2739 fuerunt,
1172 2663 1347 2731 orationem
1369 2683 1494 2734 snam2⁵

136 2764 169 2822 et
190 2758 403 2843 reipublicae
424 2759 607 2843 dignitatem
629 2753 832 2821 exornabant.
876 2758 913 2818 L.
950 2757 1059 2839 Neque
1082 2755 1165 2820 enim
1189 2766 1237 2823 est
1257 2759 1457 2827 interdictum

136 2860 192 2918 ant
211 2873 229 2918 a
250 2874 357 2918 rernm
378 2858 488 2918 natura
508 2858 563 2916 aut
575 2873 595 2916 a
609 2850 678 2935 lege
700 2849 805 2935 aliqua
824 2856 918 2935 atque
939 2868 1045 2926 more,
1068 2857 1105 2914 nt
1125 2850 1257 2936 singulis
1278 2856 1458 2922 hominibus

136 2969 178 3014 no
208 2945 342 3032 amplius
370 2965 464 3032 quam
492 2944 629 3030 singulas
659 2955 743 3011 artes
775 2967 867 3010 nosse
895 2944 999 3010 liceat.
1043 2947 1116 3012 216.
1148 2948 1254 3024 Quare
1283 2970 1364 3027 non,
1400 2950 1458 3016 etsi

137 3039 412 3127 eloquentissimus
440 3042 567 3106 Athenis
595 3039 730 3105 Pericles
754 3040 903 3125 idemque
925 3040 957 3105 in
979 3057 1018 3103 ea
1038 3040 1163 3106 civitate
1185 3039 1337 3126 plurimos
1359 3064 1459 3108 annos

136 3134 284 3224 princeps
305 3132 428 3199 consilii
449 3132 567 3217 publici
587 3132 663 3211 fuit,
696 3132 814 3199 idcirco
843 3135 984 3199 eiusdem
1003 3134 1143 3199 bominis
1163 3143 1258 3221 atque
1280 3135 1355 3202 artis
1376 3146 1496 3212 ιιιιι-ιι

137 3251 201 3315 que
221 3227 351 3294 facrrltas
372 3226 576 3294 existimanda
597 3237 661 3306 est;
697 3249 774 3304 nec,
806 3227 833 3293 si
861 3229 896 3291 Ρ.
914 3231 1041 3294 Crassus
1067 3226 1152 3294 idern
1172 3230 1233 3295 fuit
1253 3229 1404 3319 eloquens
1427 3240 1459 3298 et

138 3324 217 3390 iuris
245 3324 380 3409 peritus,
416 3324 458 3387 ob
491 3341 562 3388 eam
591 3342 717 3388 cansam
747 3324 830 3388 inest
856 3321 890 3386 in
918 3320 1065 3387 facultate
1097 3323 1221 3389 dicendi
1251 3323 1330 3392 iuris
1358 3326 1459 3392 civilis

139 3419 280 3485 scientia.
325 3420 398 3486 217.
427 3419 505 3481 Nam
525 3418 552 3482 si
574 3420 725 3505 quisque,
753 3425 789 3482 ut
808 3415 842 3481 in
862 3417 966 3502 aliqua
988 3424 1056 3481 arte
1080 3424 1112 3483 et
1132 3415 1278 3485 facultate
1300 3420 1458 3487 excellens

138 3513 234 3579 aliam
255 3530 382 3598 qnoque
403 3517 503 3575 artem
524 3509 586 3577 sibi
606 3508 826 3597 assumpserit,
852 3506 901 3595 [is]
924 3507 1081 3595 perficiet,
1105 3519 1158 3587 nt,
1186 3515 1272 3597 quod
1293 3523 1459 3599 praeterea

139 3609 232 3683 sciet,
264 3607 297 3671 id
319 3604 405 3680 eius,
433 3604 467 3670 in
488 3625 552 3692 quo
574 3604 722 3681 excellet,
750 3624 823 3691 pars
845 3606 998 3689 quaedam
1019 3624 1088 3670 esse
1109 3607 1269 3684 videatur,
1305 3609 1379 3675 licet
1399 3612 1496 3681 istaes

140 3700 262 3768 ratione
293 3697 433 3766 dicamus
462 3699 526 3787 pila
556 3699 638 3766 benc
668 3709 700 3766 et
723 3696 890 3764 duodecim
917 3698 1041 3784 scriptis
1068 3697 1177 3764 ludere
1207 3705 1367 3787 proprium
1390 3725 1459 3771 csse

140 3793 218 3861 iuris
233 3791 349 3870 civilis,
371 3794 521 3880 qnoniam
535 3802 702 3880 utrumque
717 3812 828 3859 eornm
849 3793 885 3857 Ρ.
900 3792 1023 3858 Mucius
1042 3792 1160 3879 optimc
1180 3790 1310 3875 fecerit;
1334 3801 1459 3865 cadem·

141 3909 204 3976 que
224 3888 348 3954 rabone
371 3888 513 3954 dicantur
533 3896 583 3965 et,
606 3908 687 3975 quos
708 3885 867 3971 φυσικούς
889 3887 1000 3952 Graeci
1022 3889 1198 3964 nominant,
1221 3888 1317 3955 iidem
1338 3900 1458 3978 poetae,

141 3981 292 4069 quoniam
313 3980 519 4068 Empedocles
540 3982 686 4072 physicus
707 3984 870 4068 egregium
891 3987 1004 4066 pobma
1024 3979 1145 4048 fecerit.
1188 3986 1229 4048 At
1248 3986 1310 4049 boc
1329 4006 1371 4050 ne
1389 3988 1460 4073 plri-

141 4076 270 4164 losophi
289 4076 416 4164 quidem
437 4076 516 4164 ipsi,
550 4079 604 4164 qui
631 4078 736 4143 omnia
756 4079 835 4143 sicut
855 4075 984 4158 propria
1006 4095 1063 4139 sna
1083 4095 1152 4141 esse
1173 4085 1267 4163 atque
1289 4098 1307 4141 a
1328 4098 1362 4142 se
1383 4099 1495 4163 pos-so

143 4170 239 4239 sideri
260 4175 387 4251 volunt,
410 4171 515 4238 dicere
536 4171 672 4249 audent,
696 4168 898 4258 geometriam
930 4177 984 4233 aut
1004 4171 1154 4235 musicam
1174 4168 1351 4257 philosophi
1372 4192 1457 4251 esse,

211 4404 240 4456 6.
258 4417 313 4457 ιιιι
328 4411 471 4469 praetereo
488 4406 647 4455 instructam
670 4405 715 4468 pal
739 4403 771 4455 6.
799 4405 842 4463 (er
859 4415 885 4453 r.
903 4396 942 4464 7.)
969 4425 1004 4437 -
1032 4400 1059 4453 b.
1086 4405 1111 4452 et
1126 4402 1212 4453 corbis
1229 4403 1251 4453 ll
1269 4402 1387 4466 surque,
1414 4402 1456 4453 Ra

144 4474 377 4529 6111116-7.
397 4474 510 4540 cottone]
530 4477 651 4526 oratioue
667 4474 990 4536 R.·-11.perms'rum
1005 4472 1174 4523 mtblll-
1205 4473 1249 4524 16
1269 4480 1405 4524 cratem
1423 4474 1457 4523 R.

146 4547 240 4597 22
259 4547 379 4612 aliquam
396 4545 481 4597 Codd.
500 4545 558 4598 ab·
574 4545 667 4610 aliquo
683 4544 751 4602 BR,
781 4543 856 4594 lllom
871 4543 993 4595 blanntto
1011 4544 1178 4602 auctorali,
1206 4544 1322 4593 ottonom
1339 4543 1460 4608 wytten-

145 4616 240 4669 basblo
257 4624 367 4669 auctore
386 4617 588 4668 66666116.-
606 4617 714 4666 reiectio
731 4613 1085 4678 66.-1011166166·
1105 4614 1148 4664 25.
1169 4613 1201 4677 Q.
1218 4612 1457 4664 Marcellusltoe·

145 4686 249 4749 2621]
268 4689 449 4740 outllrnestll
468 4697 575 4749 operae.
594 4707 629 4724 -
645 4685 689 4736 26.
709 4687 758 4737 ι1ι1
773 4684 811 4736 att
828 4683 1050 4750 eloquentissimus
1067 4685 1176 4735 llR.·-
1202 4681 1247 4734 66.
1266 4685 1405 4750 quaquam
1423 4684 1458 4736 R.

148 4758 281 4810 -bb
270 4773 294 4809 ιι
312 4758 370 4810 llbrl
389 4765 492 4809 tantum
510 4769 565 4808 non
582 4768 672 4808 omncs
691 4756 777 4808 otR:
807 4755 848 4805 tto
864 4756 1006 4807 Lambinus
1024 4761 1052 4807 ιι
1070 4755 1228 4815 ancstlns,
1247 4767 1301 4806 om.
1321 4755 1409 4806 llnrn.
1429 4759 1457 4807 1.

147 4829 201 4882 Nor
219 4830 434 4883 seclusimus-
465 4827 509 4878 66.
529 4826 733 4890 sempron.-
764 4824 808 4877 66.
831 4826 1066 4890 pbpstcoalb-
1096 4824 1244 4887 mulcant]
1260 4826 1456 4878 accensit.-

148 4901 264 4968 tdeorqoo
281 4900 313 4953 6.
331 4921 366 4938 -
384 4899 429 4953 66.
445 4895 489 4964 At]
508 4896 551 4950 Ad
567 4897 602 4952 R.
622 4922 655 4938 -
671 4896 716 4951 10.
735 4898 802 4962 proto
816 4895 848 4948 6.
867 4916 901 4936 ··
917 4896 986 4951 alost
999 4896 1117 4961 proprio
1132 4896 1239 4950 roslara
1253 4896 1368 4973 llllendt.
