3232 5392
157 219 220 285 338
689 214 744 280 DE
767 211 955 280 usdrusu

245 379 295 442 19.
320 380 399 443 Tum
416 376 567 451 Crassus,
591 375 669 441 Cum
686 375 855 440 auctoritas
869 380 964 460 atque
978 370 1114 440 amicitia
1131 377 1252 448 vestra,
1274 378 1342 440 tum
1355 372 1485 440 Antonii

157 471 289 539 facilitas
304 473 437 558 eripuit,
460 471 582 556 inquit,
603 467 735 534 miiaiin
757 468 875 556 optima
895 490 966 535 mea
986 488 1080 534 eausa
1101 469 1282 532 libertatem
1303 471 1483 535 recusandi.

160 571 357 655 Quamquam
378 568 412 630 in
432 564 595 651 partienda
616 561 827 650 disputatione
848 573 976 642 nostra,
999 584 1071 628 cum
1093 561 1156 627 sihi
1178 562 1218 627 da
1237 563 1296 638 iis,
1320 582 1402 649 quae
1424 565 1486 628 dici

159 661 200 730 ab
222 672 346 730 oratore
369 666 550 744 oporteret,
573 666 731 735 sumeret,
761 661 840 724 milri
861 667 966 726 autem
986 656 1199 743 relinqueret,
1222 664 1258 721 ιιι
1279 658 1484 743 explicarem,

137 755 425 846 sqnemadmodum
446 753 501 820 illa
522 754 629 819 ornari
650 760 829 841 oporteret,
853 775 891 820 ea
913 751 1036 827 divisit,
1065 771 1146 837 quae
1168 748 1312 816 seiuncta
1332 771 1401 818 esse
1421 771 1488 817 non

158 859 301 941 possunt.
346 852 424 914 Nam
458 869 531 915 cum
562 849 664 914 omnis
693 868 735 915 ex
761 869 797 916 re
826 855 921 935 atque
943 847 1048 914 verbis
1069 851 1191 911 constet
1217 845 1342 923 oratio,
1380 867 1486 935 neque

159 948 257 1013 rerba
279 941 386 1010 sedem
407 941 526 1010 habere
548 949 697 1031 possunt,
729 944 757 1009 si
778 965 846 1010 rem
867 942 1079 1018 subtraxeris,
1101 961 1206 1050 neque
1227 961 1279 1007 res
1300 940 1426 1019 lumen,
1459 942 1487 1007 si

158 1043 257 1106 verba
271 1037 454 1106 semoveris.
496 1041 548 1104 20.
569 1040 615 1101 dc
636 1037 712 1104 mihi
734 1036 862 1125 quidem
882 1045 1006 1105 veteres
1026 1035 1073 1101 illi
1095 1035 1196 1100 maius
1210 1033 1360 1120 quiddam
1378 1039 1485 1102 animo

159 1137 316 1222 complexi
337 1135 409 1220 plns
431 1131 530 1199 multu
551 1133 645 1197 etiam
666 1133 783 1198 viduae
810 1130 973 1208 videntur,
1007 1151 1102 1217 quam
1129 1138 1281 1218 quantum
1303 1138 1486 1198 nostrorum

122 1246 151 1289 ιο
160 1231 358 1314 ingeniorum
380 1229 462 1293 acies
484 1225 600 1292 intueri
620 1232 742 1313 potest;
768 1225 823 1313 qui
837 1227 944 1294 omnia
964 1228 1063 1303 haec,
1087 1245 1169 1311 quae
1191 1245 1286 1311 supra
1307 1233 1340 1291 et
1362 1228 1485 1303 subter,

159 1341 258 1388 unnm
291 1341 360 1387 osse
391 1328 423 1387 et
452 1341 517 1387 una
543 1322 575 1385 ri
603 1331 696 1408 atque
724 1342 787 1387 una
817 1323 1025 1388 consensione
1052 1327 1184 1385 naturae
1218 1322 1387 1386 constricta
1416 1341 1487 1386 esse

160 1417 321 1484 dixerunt.
365 1414 492 1482 Nullum
521 1424 570 1481 est
597 1415 682 1482 enim
705 1437 804 1501 genus
826 1438 950 1494 rerum,
983 1412 1070 1503 quod
1090 1421 1145 1480 ant
1164 1416 1310 1481 avulsum
1330 1418 1486 1481 austeris

160 1533 218 1597 per
247 1531 282 1577 se
312 1510 415 1596 ipsum
446 1518 590 1577 constare
618 1518 688 1587 aut,
722 1531 787 1597 quo
815 1519 920 1576 cetera
948 1511 975 1576 si
1004 1515 1150 1585 careant,
1184 1510 1250 1574 vim
1279 1529 1368 1575 suam
1390 1519 1486 1596 atque

161 1609 378 1672 aeternitatem
399 1625 588 1671 conservare
609 1607 741 1692 possint.
785 1607 840 1673 vl.
869 1608 922 1670 21.
954 1607 1017 1670 Sed
1038 1605 1065 1668 si
1087 1605 1167 1668 haec
1189 1601 1294 1670 maior
1315 1625 1384 1670 esse
1405 1606 1486 1671 ratio

123 1698 301 1776 assidetur,
335 1718 428 1785 quam
456 1708 492 1764 ut
517 1701 684 1766 hominum
711 1704 812 1784 possit
840 1721 934 1766 sensu
955 1708 1010 1766 aut
1030 1697 1222 1782 cogitatione
1244 1701 1482 1784 comprehendi,

161 1801 209 1859 est
236 1795 331 1859 etiam
360 1791 414 1858 illa
441 1792 579 1860 Platonis
609 1814 685 1861 vera
713 1803 744 1859 et
770 1795 846 1871 tibi,
880 1795 1009 1870 Catule,
1042 1801 1128 1858 certe
1156 1813 1222 1857 non
1242 1792 1384 1858 inaudita
1403 1814 1481 1869 vox,

94 1944 97 1949 .
160 1909 286 1955 omnem
308 1886 483 1954 doctrinam
502 1891 613 1953 harum
635 1888 841 1972 ingenuarum
865 1896 897 1953 et
917 1891 1124 1954 humanarum
1137 1888 1252 1952 artium
1267 1907 1331 1954 uno
1346 1891 1485 1974 quodam

161 1985 318 2049 societatis
339 1981 465 2048 vinculo
487 1982 653 2049 contineri.
699 1983 758 2050 Ubi
789 1984 873 2048 enim
903 1989 1068 2069 perspecta
1094 1983 1142 2047 vis
1172 1988 1220 2046 est
1247 1981 1379 2047 rationis
1401 1983 1482 2059 eius,

162 2098 223 2164 qua
249 2097 361 2143 causae
389 2098 495 2143 rerum
523 2086 616 2165 atqua
646 2078 749 2144 exitus
777 2085 1025 2162 cognoscuntur,
1056 2077 1156 2142 mirus
1185 2077 1313 2162 quidam
1343 2077 1485 2143 omnium

124 2171 252 2258 equod
284 2190 455 2238 consensus
481 2174 695 2238 doctrinarum
723 2181 957 2258 concentusque
984 2171 1154 2255 reperitur.
1207 2173 1260 2234 22.
1292 2171 1355 2235 Sed
1377 2172 1404 2235 si
1426 2175 1488 2236 hoc

161 2285 288 2352 quoque
311 2265 523 2331 videturesse
546 2269 657 2344 altius,
692 2288 786 2353 quam
814 2274 850 2332 ut
876 2265 909 2331 id
931 2286 989 2331 nos
1010 2266 1100 2330 humi
1121 2265 1211 2329 strati
1231 2265 1393 2350 suspicere
1414 2285 1489 2352 pos·

108 2429 111 2435 ,
162 2361 278 2438 simus,
301 2359 380 2425 illud
401 2368 487 2426 certe
509 2370 629 2436 tamen,
653 2359 739 2447 quud
760 2361 897 2446 amplexi
918 2380 1042 2435 sumus,
1066 2361 1151 2444 quod
1173 2356 1375 2442 profitemur,
1400 2365 1487 2447 qnod

162 2458 373 2543 suscepimus,
405 2474 498 2519 nosse
531 2462 562 2518 et
589 2464 698 2520 tenero
727 2453 891 2519 debemus.
936 2455 1002 2520 Una
1033 2462 1081 2518 est
1109 2453 1214 2528 enim,
1250 2456 1337 2540 quod
1366 2461 1398 2519 et
1428 2475 1486 2539 ego

162 2553 312 2616 hesterna
340 2551 391 2615 die
421 2547 487 2613 dixi
518 2556 552 2613 et
585 2548 705 2637 aliquot
738 2549 816 2615 locis
849 2550 1098 2614 antemeridiano
1127 2567 1273 2613 sermone
1303 2545 1489 2634 significavit

125 2658 152 2700 ιι
162 2644 330 2720 Antonius,
353 2642 548 2730 eloquentia,
570 2665 773 2733 quascunque
793 2645 826 2710 in
848 2666 919 2709 oras
941 2643 1161 2727 disputationis
1182 2644 1370 2727 regionesve
1385 2645 1488 2708 delata

163 2747 222 2805 est.
266 2743 320 2805 2³.
343 2743 422 2805 Nam
443 2738 510 2804 sire
532 2740 571 2805 de
593 2739 672 2806 caeli
693 2749 803 2805 natura
824 2741 966 2826 loquitur
986 2737 1053 2804 siva
1068 2740 1108 2802 ds
1128 2746 1231 2802 terrae
1246 2738 1313 2803 sive
1330 2739 1369 2801 de
1383 2739 1489 2802 divina

162 2832 195 2900 vi
215 2834 282 2899 sire
304 2832 344 2901 de
366 2832 501 2899 humana
522 2835 589 2898 sire
611 2854 653 2899 ex
673 2832 823 2900 inferiore
844 2833 915 2899 loco
931 2832 997 2898 sive
1012 2853 1052 2897 ex
1068 2852 1171 2917 aequo
1185 2830 1250 2896 sive
1267 2853 1308 2896 ex
1323 2834 1487 2918 superiore

163 2929 230 2994 sivo
263 2934 299 2992 ut
331 2925 473 3010 impellat
506 2926 649 2993 homines
682 2930 749 2994 sive
787 2937 822 2993 ut
864 2930 975 2993 doceat
1006 2928 1074 2993 sire
1101 2935 1137 2990 ut
1165 2928 1323 2992 deterreat
1354 2926 1422 2993 sive
1454 2935 1489 2993 ut

164 3024 300 3087 concitet
331 3020 396 3086 sive
425 3028 462 3086 ut
500 3019 642 3087 reflectat
683 3023 750 3088 sive
789 3030 823 3087 ut
862 3020 1009 3087 incendat
1046 3023 1112 3086 sive
1145 3029 1180 3086 nt
1211 3020 1308 3087 leniat
1349 3019 1417 3087 sive
1448 3025 1489 3086 ad

126 3130 280 3202 ³⁰puucos
301 3117 368 3181 sire
389 3119 428 3180 ad
451 3114 565 3180 multus
588 3117 654 3181 sive
676 3115 759 3182 inter
780 3115 902 3182 alienos
924 3117 990 3180 sire
1012 3136 1084 3182 cum
1105 3117 1169 3181 suis
1184 3114 1251 3180 sira
1265 3135 1388 3192 secum,
1412 3118 1488 3182 rivis

164 3220 212 3276 est
234 3210 360 3276 diducta
382 3211 503 3286 oratio,
527 3229 592 3275 non
613 3208 775 3288 lontibus3
806 3217 852 3285 et,
875 3229 1063 3296 quocunque
1085 3207 1277 3294 ingreditur,
1307 3210 1419 3277 eodem
1442 3218 1490 3276 est

163 3307 316 3370 instructu
349 3313 524 3392 ornatuque
552 3305 709 3371 comitata.
762 3307 815 3370 it.
850 3308 912 3371 Sed
944 3308 1094 3392 quoniam
1124 3306 1268 3391 oppressi
1296 3309 1357 3371 iam
1381 3327 1489 3371 sumus

163 3399 365 3486 opinionibus
387 3419 450 3465 non
472 3402 569 3465 modo
589 3401 676 3486 vulgi
698 3422 808 3467 verum
830 3403 925 3466 etiam
946 3400 1110 3467 hominum
1131 3400 1244 3466 leviter
1277 3398 1487 3477 eruditorum,

164 3495 239 3580 qui,
263 3514 343 3580 quae
358 3495 524 3579 complecti
539 3503 602 3560 tota
616 3504 792 3581 nequeunt,
814 3500 891 3560 haec
905 3493 1026 3561 facilius
1041 3496 1163 3561 divulsa
1177 3504 1208 3560 et
1223 3495 1313 3580 quasi
1329 3489 1488 3578 discerpta

128 3595 376 3663 sseontrectant,
409 3597 441 3652 et
469 3591 524 3674 qui
551 3598 709 3677 tamquam
738 3594 778 3656 ab
807 3593 911 3656 animo
935 3613 1066 3675 eorpus,
1099 3590 1145 3655 sic
1167 3612 1185 3654 a
1206 3591 1369 3655 sententiis
1392 3593 1490 3654 verba

165 3681 350 3765 seiungunt,
385 3703 519 3767 quorum
547 3687 615 3750 sino
643 3685 772 3750 interitu
800 3683 870 3750 fieri
898 3696 1043 3750 neutrum
1073 3692 1196 3768 potest,
1232 3706 1294 3748 non
1322 3686 1489 3770 suscipiam

166 3775 307 3841 oratione
321 3796 390 3841 mea
405 3777 493 3863 plns,
517 3800 611 3866 quam
627 3779 704 3845 mihi
718 3779 901 3864 imponitur.
934 3784 1065 3847 Tantum
1081 3778 1265 3865 significabo
1279 3781 1369 3843 brevi
1387 3800 1489 3865 neque

165 3871 335 3935 verborum
357 3880 501 3937 ornatum
524 3874 658 3939 inveniri
676 3895 770 3960 posse
784 3895 848 3940 non
861 3872 958 3960 partis
973 3876 1192 3961 expressisque
1207 3874 1371 3939 sententiis
1386 3894 1489 3959 neque

166 3986 234 4029 esse
257 3963 352 4030 ullam
375 3967 560 4032 sententiam
582 3968 735 4034 illustrem
758 3969 826 4034 sine
841 3969 910 4035 lucc
925 3972 1107 4034 verborum.
1153 3973 1204 4034 25.
1228 3970 1290 4032 Sed
1305 3970 1489 4051 priusquam

128 4060 219 4127 soilla
249 4082 349 4126 conor
378 4060 548 4145 attingere,
585 4061 699 4148 quibus
729 4062 905 4129 orationem
931 4066 1038 4129 ornari
1060 4073 1153 4150 atque
1175 4063 1347 4127 illuminari
1368 4069 1488 4147 putem,

165 4174 343 4241 proponam
365 4154 513 4231 breviter,
539 4156 613 4243 quid
634 4159 767 4223 sentiam
788 4156 828 4223 de
851 4160 998 4223 universo
1021 4178 1139 4245 genere
1162 4158 1298 4223 dicendi.

249 4251 316 4317 Vll.
350 4254 468 4315 Natura
496 4249 580 4316 nulla
609 4259 673 4327 est,
709 4260 743 4316 ut
768 4250 844 4317 mihi
872 4252 1014 4330 videtur,
1049 4273 1129 4340 quae
1151 4272 1216 4318 non
1236 4254 1354 4317 lrabeat
1372 4252 1406 4314 in
1430 4270 1487 4315 suo

235 4457 262 4507 1.
280 4461 374 4507 nostro
393 4457 423 4508 Β.
444 4482 474 4494 -
502 4457 528 4506 Β.
548 4458 634 4522 inquit
651 4471 704 4509 om.
724 4458 755 4510 Β.
776 4483 807 4495 -
835 4457 862 4509 3.
881 4458 921 4509 tis
939 4458 969 4508 Β.
988 4480 1023 4496 ·-
1046 4457 1074 4511 3.
1094 4459 1158 4508 mitt
1175 4485 1186 4497 ·
1203 4485 1214 4496 ·
1232 4465 1366 4521 oporteret
1385 4472 1439 4509 om.
1458 4458 1489 4509 Β.

170 4551 199 4566 -
218 4527 243 4576 8.
264 4529 452 4578 commoveris:
481 4533 510 4579 ot
528 4529 560 4579 Β.
583 4553 612 4566 -
644 4529 670 4579 a.
688 4529 748 4592 plus
764 4530 848 4580 mutto
866 4530 1021 4593 B'nltiqna.
1042 4531 1084 4581 a:
1110 4530 1268 4594 muttoptus
1288 4532 1319 4580 u.
1340 4556 1372 4566 -
1403 4531 1446 4580 tt.
1467 4535 1491 4578 st

165 4610 247 4647 uuum
264 4598 296 4647 B.
317 4624 350 4633 —
368 4601 412 4650 11.
431 4613 486 4649 urso
505 4606 565 4651 anta
583 4603 749 4650 contensiosos
767 4613 819 4652 om.
839 4601 895 4651 ΒΒ.
915 4622 947 4636 -
966 4600 1008 4650 tt.
1026 4603 1050 4651 st
1067 4614 1120 4652 orn.
1135 4601 1169 4650 Β.
1189 4626 1221 4638 ·-
1240 4601 1284 4652 18.
1304 4602 1436 4652 orotioots
1453 4600 1488 4649 lt.

166 4691 198 4705 -
219 4668 263 4717 21.
282 4669 461 4720 stiterit·-
492 4670 536 4720 2³.
557 4676 580 4720 et
599 4676 660 4723 ants
678 4679 764 4721 team
783 4686 835 4723 orn.
855 4671 939 4720 B.-
958 4678 984 4722 st
1002 4679 1063 4722 ante
1082 4684 1128 4738 opo
1147 4686 1199 4724 om.
1220 4673 1308 4723 Β.-
1338 4673 1381 4723 25.
1403 4671 1491 4734 dispu-

166 4738 284 4788 totioms
303 4740 411 4791 lili.-
435 4739 480 4791 2¹1.
501 4753 533 4791 sc
551 4746 612 4792 anta
629 4741 763 4804 superiore
782 4756 835 4793 om.
855 4743 938 4791 Β.-
966 4741 1011 4792 30.
1027 4739 1093 4806 sois]
1111 4745 1293 4795 socitslt-
1312 4741 1355 4792 31.
1375 4742 1492 4792 deducto

165 4806 271 4858 ltu.-
291 4811 462 4861 rostolt-
482 4811 526 4863 33.
543 4814 631 4872 portts
650 4814 739 4864 nescio
758 4816 817 4874 quis
837 4811 909 4876 apud
927 4811 1081 4865 Petreium:
1098 4815 1209 4877 portius
1227 4826 1287 4866 cum
1306 4812 1379 4866 lltrls
1398 4813 1491 4873 (ettam

166 4874 199 4947 Β)
216 4877 305 4943 ΒΜ
292 4877 412 4947 (repertis
430 4885 569 4948 proposuit
585 4878 752 4950 Lambinus.)
