3232 5392
161 213 224 278 teu
563 210 794 279 ouauomsu
816 204 1082 280 Pnuumouus

157 372 301 440 homines
327 370 409 439 bene
434 373 590 439 institutos
617 371 788 456 plurimum
816 373 855 436 de
884 369 977 438 laude
1005 381 1037 437 ct
1064 374 1104 439 de
1128 377 1292 441 honestate
1315 374 1485 452 dicemus,

157 469 357 556 maximeque
378 489 416 533 ea
436 467 586 533 virtutum
610 486 726 551 genera
747 462 964 544 tractabimus,
988 487 1069 552 quae
1090 467 1122 533 in
1144 472 1303 537 communi
1319 470 1485 537 bominum

159 561 291 629 utilitate
312 565 427 629 tuenda
450 558 655 646 augendaque
676 567 850 626 versantur.
895 560 950 627 Sin
979 563 1063 648 apud
1090 560 1235 628 indoctos
1256 565 1485 654 imperitosque

160 656 318 736 dicemus,
340 657 476 730 iructus,
500 656 726 730 emolumenta,
755 656 932 740 voluptates
953 654 1181 743 vitationesque
1204 656 1352 724 dolorum
1372 658 1481 746 proie-

137 762 283 832 srautur;
315 752 468 818 addantur
496 750 591 815 etiam
616 747 820 815 contumeliae
842 756 935 837 atquc
956 749 1160 834 ignominiae.
1205 754 1305 818 Nemo
1328 760 1376 818 est
1398 756 1483 819 enim

158 858 222 914 tum
245 848 393 933 agrestis,
423 865 517 932 quem
538 864 620 921 non,
652 844 679 909 si
698 845 767 930 ipsa
795 842 897 908 minus
919 844 1083 923 honestas,
1114 849 1304 913 contumelia
1326 855 1431 914 tamcn
1452 857 1484 915 et

160 945 296 1008 dedecus
317 959 431 1025 magno
453 959 549 1025 opere
571 945 704 1004 moveat.
749 939 873 1016 Quare,
910 942 995 1025 quod
1018 942 1058 1005 ad
1083 941 1246 1007 utilitatem
1277 951 1412 1028 spectet,
1443 964 1484 1009 ex

159 1037 216 1114 iis,
250 1055 329 1122 qnae
357 1036 440 1099 dicta
467 1041 553 1110 sunt,
587 1033 782 1118 reperietur3
820 1037 872 1098 93.
901 1032 978 1121 quid
1004 1042 1110 1100 autem
1138 1037 1237 1118 possit
1265 1034 1347 1102 effici
1381 1057 1480 1103 necne

160 1133 277 1217 possit,
300 1131 333 1193 in
354 1148 417 1214 qno
440 1130 553 1203 etiam,
577 1147 669 1214 quam
691 1126 783 1192 iacile
804 1127 903 1210 possit
924 1149 1081 1216 quamque
1103 1133 1268 1213 expediat,
1301 1133 1411 1216 quaeri
1433 1153 1484 1199 so·

123 1251 151 1294 aa
160 1227 220 1299 let,
250 1220 386 1288 maxime
409 1241 450 1287 ex
471 1225 571 1286 causis
592 1223 646 1297 iis,
675 1241 756 1307 quae
778 1242 934 1307 quamque
956 1243 1023 1289 rem
1047 1222 1201 1301 efficiant,
1231 1233 1279 1290 est
1300 1224 1480 1293 videndum.

162 1320 332 1384 Causarum
354 1323 457 1381 autem
480 1336 595 1400 genera
617 1325 690 1381 snut
710 1314 810 1400 plura.
852 1320 929 1381 Nem
959 1327 1031 1383 sunt
1058 1317 1152 1393 aliae,
1182 1340 1264 1405 quae
1292 1319 1381 1403 ipsae
1410 1341 1485 1386 con·

160 1411 287 1488 ficiunt3
311 1408 406 1484 aliae,
429 1430 509 1495 quae
531 1409 595 1475 vim
617 1409 753 1495 aliquam
777 1408 816 1474 ad
838 1408 1066 1477 conficiendum
1087 1412 1234 1479 allernnt.
1280 1416 1392 1499 ltaque
1412 1415 1484 1480 illae

161 1504 341 1592 superiores
362 1501 563 1570 conficientes
584 1513 751 1582 vocentur3
773 1506 834 1569 nae
856 1506 996 1592 reliquae
1018 1507 1221 1592 ponanturin
1237 1527 1277 1574 eo
1291 1529 1427 1593 genere,
1449 1516 1486 1575 ut

160 1602 228 1668 sine
249 1599 297 1664 bis
318 1595 429 1662 confici
452 1618 515 1664 non
536 1597 647 1685 possit.
692 1600 744 1665 at.
770 1598 942 1666 conficiens
964 1610 1068 1666 autem
1091 1622 1184 1667 cansa
1205 1605 1266 1668 alia
1281 1610 1329 1667 est
1342 1604 1486 1668 absoluta

124 1706 193 1762 sset
219 1692 358 1782 perlecta
385 1715 443 1782 per
471 1714 521 1768 se,
555 1690 615 1757 alia
642 1694 761 1780 aliquid
790 1693 939 1761 adiuvans
967 1704 999 1761 et
1020 1695 1177 1761 efficiendi
1199 1696 1285 1761 socia
1307 1698 1483 1780 quaedam

161 1790 250 1857 cuius
271 1792 395 1873 generis
417 1788 465 1854 vis
486 1788 573 1852 varia
594 1795 641 1850 est
662 1796 694 1853 et
715 1807 810 1871 saepe
831 1797 884 1854 aut
905 1792 1007 1856 maior
1029 1799 1082 1855 aut
1103 1791 1221 1865 minor,
1244 1800 1279 1857 ut
1300 1792 1396 1855 ctiam
1421 1790 1485 1864 illa,

162 1906 243 1973 quae
265 1888 432 1951 maximam
454 1884 517 1947 vim
539 1879 650 1957 babet,
682 1884 751 1946 sola
772 1902 866 1969 saepe
887 1904 981 1950 cansa
1002 1884 1134 1951 dicatur.
1179 1887 1258 1950 Sunt
1278 1891 1382 1948 autem
1406 1884 1485 1949 aliae

162 2000 291 2057 causae,
326 2001 407 2066 quae
436 1985 491 2042 aut
521 1984 653 2060 propter
683 1976 871 2064 principium
900 1987 954 2046 aut
980 1988 1110 2065 propter
1139 1982 1256 2044 exitum
1284 1977 1485 2044 conficientes

161 2084 323 2140 vocantur.
369 2077 446 2141 Cum
471 2080 574 2137 antem
604 2073 785 2156 quaeritur,
819 2073 896 2159 quid
922 2073 962 2137 sit
983 2074 1137 2157 optimum
1157 2072 1259 2148 ludu,
1295 2080 1349 2137 aut
1370 2073 1485 2138 utilitas

124 2180 215 2233 scant
242 2189 313 2256 spes
343 2166 498 2233 efficiendi
527 2163 566 2228 ad
594 2164 827 2232 assentiendum
856 2165 989 2253 impellit
1017 2171 1148 2235 animos.
1191 2169 1320 2236 xxv1t
1342 2170 1395 2232 95.
1429 2171 1484 2242 Et,

162 2263 311 2350 quoniam
332 2262 371 2328 de
393 2260 524 2328 utilitate
545 2260 609 2323 iam
631 2260 784 2334 diximus,
819 2263 858 2325 de
886 2260 1041 2327 alliciendi
1068 2261 1189 2326 ratione
1216 2261 1368 2328 dicamus.
1414 2265 1486 2340 Quo

162 2367 228 2424 toto
259 2379 375 2442 genere
403 2354 589 2443 quibuscum
617 2363 649 2418 et
675 2364 783 2419 contra
813 2376 893 2442 quos
923 2377 986 2443 quo
1014 2365 1156 2443 tempore
1178 2364 1232 2421 aut
1252 2378 1314 2441 quo
1338 2356 1409 2423 loen
1432 2365 1487 2423 aut

163 2455 277 2539 quibus
296 2450 497 2518 facultatibus
518 2468 693 2524 armorum,
716 2453 886 2536 pecuniae,
909 2453 1067 2517 sociorum
1090 2470 1236 2515 earumve
1258 2470 1383 2527 rerum,
1406 2473 1487 2538 quae

162 2551 201 2612 ad
223 2568 380 2633 quamque
402 2567 471 2611 rem
494 2542 689 2610 efficiendam
711 2544 886 2627 pertinent,
907 2545 1066 2629 possimus
1086 2544 1150 2620 uti,
1175 2543 1402 2629 requirendum
1426 2555 1484 2611 est

126 2648 271 2730 ususque
293 2645 395 2708 solum
418 2661 456 2706 ea
476 2647 567 2714 sunt,
600 2656 681 2725 quae
702 2641 793 2703 nobis
814 2646 996 2725 suppetant,
1028 2642 1083 2706 sed
1106 2641 1200 2704 etiam
1220 2638 1294 2715 illa,
1331 2660 1412 2724 quac
1433 2639 1488 2705 ad-

163 2745 342 2812 versentur,
365 2734 508 2803 videnda.
552 2737 606 2806 lit,
629 2732 654 2798 si
669 2751 709 2797 ex
731 2734 931 2798 contentione
952 2733 1144 2817 procliviora
1166 2742 1257 2799 eruut
1277 2743 1401 2810 nostra,
1424 2756 1488 2799 non

163 2831 265 2898 solum
287 2830 368 2897 effici
389 2849 499 2915 posse,
534 2848 614 2914 qnae
635 2825 822 2904 suademus,
853 2828 913 2892 erit
934 2826 1203 2913 persuadendum,
1237 2831 1292 2894 sed
1315 2831 1487 2895 curandum

164 2929 278 3002 etiam,
312 2935 347 2991 nt
375 2925 429 2990 illa
460 2922 581 2998 incilia,
615 2921 790 3005 proclivia,
835 2924 970 2988 iucunda
1002 2922 1179 2988 videantur.
1228 2922 1487 2990 Dissuadentibus

164 3029 268 3087 autem
290 3029 344 3086 aut
364 3018 479 3085 utilitas
503 3015 713 3082 labefactanda
727 3025 784 3080 est
809 3025 862 3082 aut
889 3015 1044 3083 efficiendi
1067 3015 1263 3082 difficultates
1287 3016 1486 3094 offerendae,

127 3141 155 3182 sc
165 3137 267 3203 neque
297 3114 366 3180 aliis
394 3135 434 3178 ex
461 3114 636 3197 praeceptis
668 3111 724 3175 sed
753 3107 864 3176 iisdem
893 3132 933 3176 ex
960 3113 1113 3178 suasionis
1135 3110 1221 3178 locis.
1265 3115 1317 3176 96.
1352 3115 1487 3200 Uterque

165 3230 242 3275 vero
264 3213 302 3275 ad
324 3207 501 3293 augendum
523 3209 637 3270 habeat
659 3207 876 3289 exemplorum
898 3214 953 3270 aut
974 3205 1163 3279 recentium,
1187 3226 1248 3291 quo
1271 3209 1395 3272 notiora
1417 3209 1486 3284 sint,

165 3316 218 3370 aut
239 3313 399 3378 veterum,
424 3323 486 3388 quo
510 3303 579 3386 plns
601 3300 796 3364 auctoritatis
819 3297 973 3376 habeant,
998 3301 1139 3384 copiam3
1174 3301 1373 3386 maximeque
1395 3303 1433 3366 sit
1455 3303 1487 3366 in

164 3400 227 3462 boc
248 3418 363 3480 genere
386 3397 571 3471 meditatus,
607 3403 643 3459 ut
670 3392 770 3480 possit
791 3394 842 3456 vel
864 3393 952 3458 utilia
973 3414 1009 3458 ac
1031 3394 1208 3458 necessaria
1232 3415 1325 3480 saepe
1348 3394 1486 3460 honestis

165 3490 215 3555 vel
237 3490 313 3555 baec
333 3491 395 3555 illis
417 3488 583 3553 anteferre.
627 3491 675 3553 Ad
705 3485 961 3553 commovendos
979 3495 1083 3554 antem
1114 3488 1233 3553 animos
1257 3492 1393 3554 maxime
1415 3510 1488 3574 pro-

129 3584 288 3659 elicient,
323 3583 349 3648 si
370 3584 519 3648 incitandi
542 3590 649 3656 erunt,
678 3581 834 3646 eiusmodi
856 3583 1050 3659 sentcntiae,
1080 3603 1160 3668 quae
1181 3591 1236 3647 ant
1256 3582 1296 3647 ad
1319 3582 1487 3668 explendas

166 3677 352 3764 cupiditates
372 3686 427 3741 aut
447 3681 485 3742 ad
509 3680 617 3742 odium
639 3679 814 3741 satiandum
835 3686 889 3740 ant
910 3680 950 3742 ad
972 3676 1165 3742 ulciscendas
1193 3679 1323 3742 iniurias
1352 3678 1486 3762 pertine·

166 3775 255 3837 bunt.
300 3773 355 3837 Sin
376 3781 479 3835 autem
502 3770 713 3857 reprimendi,
738 3773 778 3835 de
792 3769 912 3836 incerto
929 3779 1010 3836 statu
1027 3769 1170 3836 fortunae
1186 3769 1351 3857 dubiisque
1367 3772 1486 3837 eventis

165 3889 271 3932 rerum
292 3865 467 3932 suturarum
490 3875 521 3932 et
542 3869 713 3931 retinendis
735 3867 801 3931 suis
823 3863 974 3939 fortunis.
996 3865 1023 3931 si
1047 3875 1138 3930 erunt
1159 3868 1332 3943 secundae3
1362 3869 1409 3931 siu
1433 3887 1488 3931 au-

166 3970 227 4025 tem
251 3961 416 4036 adversae,
439 3959 477 4026 de
500 3963 642 4045 periculo
666 3959 894 4028 commonendi.
936 3965 1040 4044 Atque
1063 3960 1093 4024 bi
1116 3963 1241 4047 quidem
1265 3970 1338 4025 sunt
1356 3980 1487 4046 perora-

128 4079 157 4121 11
166 4057 260 4120 tionis
281 4055 353 4120 loci.
399 4058 450 4119 97.
475 4054 629 4140 Principia
651 4064 754 4119 autem
769 4055 803 4118 in
818 4054 978 4120 sententiis
995 4055 1135 4119 dicendis
1150 4056 1258 4119 brevia
1274 4076 1342 4119 esse
1359 4053 1486 4121 debent.

166 4152 236 4213 Non
258 4151 340 4212 enim
362 4148 494 4235 supplex
515 4160 550 4215 ut
571 4152 610 4214 ud
625 4149 759 4213 iudicem
778 4151 1004 4224 venderetur,
1027 4152 1084 4213 sed
1102 4152 1244 4214 hortator
1259 4157 1353 4234 atque
1369 4159 1487 4219 auctor.

168 4246 272 4321 Quare
287 4263 481 4329 proponere,
504 4265 565 4331 qua
582 4252 683 4308 mente
699 4244 798 4319 dicat,
823 4241 899 4328 quid
920 4243 1010 4317 velit,
1034 4243 1148 4329 quibus
1172 4241 1328 4308 derebus
1351 4245 1489 4308 dicturus

238 4445 263 4492 1.
283 4451 308 4493 et
326 4445 458 4493 1111111111
478 4446 542 4505 (om.
563 4442 604 4506 de)
623 4445 655 4493 11.
677 4468 706 4480 ·-
726 4443 752 4494 5.
772 4441 851 4492 Nemo
870 4448 908 4492 111
927 4444 995 4493 cutm
1015 4441 1065 4492 Gn.
1086 4441 1151 4491 nv:
1172 4441 1251 4491 Nemo
1271 4443 1339 4490 enlm
1358 4450 1394 4492 est
1414 4442 1445 4491 11.
1458 4467 1488 4479 -

166 4514 194 4564 ’1.
213 4520 314 4577 spectet
328 4514 396 4563 Edd.
410 4520 473 4564 vett.
489 4513 521 4564 ed
536 4514 683 4564 Scbdtzlus.
720 4513 754 4562 lit
766 4527 828 4571 uos,
848 4517 939 4564 nostrl.
956 4539 988 4550 -
1007 4512 1033 4562 8.
1054 4515 1184 4575 reperitur
1197 4512 1230 4560 11.
1246 4536 1277 4546 -
1293 4513 1383 4576 ecquid
1396 4513 1489 4564 Lamb.

169 4609 200 4621 -
219 4597 298 4635 nccare
312 4585 396 4645 possit
409 4584 455 4633 RV
472 4584 589 4647 alitque:
610 4597 689 4634 necne
706 4580 770 4644 (om.
786 4586 883 4647 pessit)
897 4585 927 4632 11.
952 4608 980 4620 -
1002 4584 1044 4632 11.
1064 4583 1178 4648 efficiunt
1197 4595 1237 4643 pr.
1258 4582 1292 4632 11.
1311 4605 1343 4617 -
1363 4584 1406 4632 lt.
1426 4579 1490 4645 uim]

167 4656 239 4704 utam
256 4655 296 4712 Y,
317 4655 365 4703 Ed.
385 4654 450 4703 Ven.
471 4678 502 4688 -
524 4655 567 4704 to.
587 4657 667 4704 etium
686 4654 749 4704 BR:
770 4661 793 4702 11
812 4654 842 4703 ll.
862 4651 959 4716 (nutem
977 4651 1022 4717 V.)
1043 4677 1072 4689 -
1092 4654 1136 4702 99.
1155 4666 1246 4718 genere
1264 4660 1319 4704 toto
1339 4651 1372 4699 V.
1396 4677 1426 4689 -
1445 4653 1489 4702 28.

168 4736 221 4776 esse
240 4722 381 4774 uideuatur
400 4725 432 4773 11.
454 4721 517 4786 (non
537 4725 581 4782 11.)
602 4749 632 4761 -
661 4724 705 4774 99.
724 4722 876 4788 offerendus
895 4725 998 4774 volebat
1017 4724 1080 4774 11111.
1104 4747 1138 4760 -
1168 4723 1211 4773 ³0.
1232 4738 1264 4773 en
1283 4724 1378 4772 eisdem
1396 4722 1428 4773 V.
1460 4748 1489 4760 -

169 4796 212 4846 35.
233 4796 359 4844 eiusmodi
376 4794 413 4845 ll:
433 4795 581 4845 huiusmodi
597 4796 653 4845 Vll.
681 4821 709 4834 -
739 4795 783 4845 39.
801 4793 917 4858 fortunis
934 4797 989 4844 suls
1007 4795 1040 4845 11.
1060 4819 1091 4830 -
1119 4792 1162 4844 99.
1180 4795 1358 4855 perorationis
1376 4795 1491 4845 11111111.

174 4889 201 4902 -
220 4865 264 4917 ltd-
284 4864 411 4917 (1191111111
429 4865 483 4916 RV.
