3232 5392
596 215 672 282 iiii.
693 216 733 283 ii
775 216 809 282 C.
830 217 881 282 59.
902 217 953 282 60.
1383 221 1446 287 itia

125 385 197 444 ate
220 376 289 462 ipso
314 372 385 439 ficta
414 380 478 439 tota
508 373 656 440 narratio.
702 372 856 439 Addidisti
887 374 1058 440 clausulam
1092 381 1157 440 tota
1186 377 1354 441 Tarracina
1381 386 1447 443 tum

126 469 274 536 omnibus
296 471 329 533 iu
346 466 517 555 parietibus
536 468 701 554 inscriptas
722 467 818 533 luisse
845 470 964 534 litteras
993 473 1071 533 LLL
1092 473 1166 535 bibl.
1218 471 1296 535 Cum
1316 491 1449 558 quaere·

127 587 193 640 res,
223 565 256 631 id
277 562 354 650 quid
375 571 477 639 essct,
509 583 616 627 senem
639 562 696 627 tihi
719 565 876 649 quendam
898 564 1089 648 oppidanum
1111 563 1243 641 dixisse,
1276 567 1449 632 Lacerat

125 660 322 727 lacertum
343 659 458 742 Largi
488 660 655 722 mordax
681 659 894 723 Memmius.
936 657 1010 721 iii.
1034 657 1233 742 Perspicitis,
1265 662 1326 724 hoc
1348 680 1448 744 genus

126 775 220 841 quam
242 754 283 820 sit
304 750 456 827 facetum,
487 772 581 838 quam
604 751 748 837 elegans,
782 773 876 839 quam
899 752 1088 825 oratorium,
1122 752 1190 818 sive
1212 753 1345 830 habeas,
1374 773 1471 821 verer

127 848 212 937 quod
234 868 364 914 narrare
385 848 505 931 possis,
529 846 613 933 quod
630 854 733 912 umen
749 855 797 912 est
810 843 1076 910 mendaciunculis
1091 847 1360 933 adspergendum,
1381 849 1448 914 sive

125 943 236 1029 liugas.
279 945 337 1007 Est
356 949 460 1006 autam
479 941 559 1006 haec
575 943 669 1007 huius
692 940 816 1026 generis
838 940 953 1010 virtus,
976 945 1011 1002 ut
1031 937 1073 1003 ita
1087 937 1169 1005 lacta
1184 943 1393 1018 demonstres,
1413 949 1450 1007 ut

125 1058 231 1105 mores
252 1037 337 1112 eius,
361 1033 400 1100 de
421 1054 485 1121 quo
506 1055 631 1110 narres,
653 1042 688 1102 ut
709 1054 833 1110 sermo,
856 1039 892 1098 ut
905 1032 1008 1097 vultus
1030 1051 1140 1098 omnes
1162 1033 1393 1122 exprimantur,
1415 1043 1451 1103 ιιι

127 1135 181 1208 iis,
209 1131 264 1217 qui
285 1126 431 1203 audiunt,
463 1137 531 1194 tum
553 1128 622 1213 geri
644 1127 697 1195 illa
719 1126 851 1213 fierique
873 1130 1050 1194 videantur.
1095 1131 1167 1200 uti.
1189 1135 1225 1197 ln
1246 1152 1283 1197 re
1305 1140 1353 1198 est
1373 1134 1450 1198 item

127 1228 313 1302 ridiculum,
347 1226 433 1309 quod
455 1245 496 1289 ex
521 1226 656 1311 quadam
675 1228 842 1308 depravata
868 1224 1042 1288 imitatione
1066 1224 1148 1289 sumi
1169 1228 1268 1304 solet,
1305 1236 1340 1292 ut
1364 1224 1448 1292 idem
1457 1246 1487 1288 ιι

128 1322 274 1387 Crassus:
309 1321 383 1384 Per
404 1326 509 1384 tuam
530 1317 802 1394 nobilitatem,
824 1338 895 1404 per
915 1325 1090 1383 vestram
1112 1317 1328 1386 familiam!
1365 1321 1449 1400 Quid

127 1419 212 1482 aliud
233 1412 309 1490 init,
333 1415 366 1477 iu
388 1433 451 1497 quo
473 1415 577 1479 contio
598 1415 737 1490 rideret,
760 1411 821 1477 nisi
842 1411 897 1478 illa
917 1411 1021 1478 vuitus
1044 1421 1077 1478 et
1097 1413 1185 1479 vocis
1200 1415 1355 1481 imitatio?
1377 1419 1450 1482 Per

127 1520 216 1580 tuas
237 1510 411 1574 statuasi
443 1526 521 1573 vero
543 1529 614 1573 cum
637 1506 717 1573 dixit
742 1516 773 1571 et
795 1515 921 1572 extento
944 1505 1075 1572 brachio
1096 1507 1268 1593 paullulum
1292 1513 1386 1575 etiam
1408 1510 1449 1577 de

127 1613 217 1692 gestu
247 1601 384 1678 addidit,
420 1603 639 1667 vehementius
666 1600 805 1667 risimus.
850 1605 899 1667 Ex
926 1603 990 1667 hoc
1013 1622 1129 1684 genere
1152 1609 1200 1666 est
1220 1602 1275 1668 illa
1296 1607 1449 1671 Rosciana

126 1700 259 1766 imitatio
282 1697 380 1761 senis:
411 1695 503 1760 Tibi
525 1717 614 1781 ego,
637 1696 834 1779 Antipho,
856 1697 925 1761 has
949 1716 1060 1772 sero,
1083 1695 1194 1780 iuquit.
1236 1701 1365 1763 Senium
1387 1707 1445 1776 est,
1458 1726 1486 1769 ιι

126 1815 199 1860 cum
218 1790 326 1859 audio.
370 1791 472 1877 Atque
487 1793 530 1856 ita
545 1798 593 1856 est
606 1799 706 1857 totum
721 1795 781 1856 hoc
798 1793 866 1876 ipso
886 1810 1003 1875 genere
1018 1790 1199 1865 ridiculum,
1220 1801 1258 1857 ut
1271 1795 1448 1860 cautissime

127 1888 322 1953 tractandum
343 1888 392 1951 sit.
435 1887 603 1952 ldimomm
624 1897 672 1952 cst
694 1888 779 1951 enirn
799 1885 1036 1971 ethologorum,
1070 1884 1096 1949 ei
1118 1886 1212 1950 nimia
1233 1894 1281 1951 est
1301 1887 1447 1965 imitatio,

128 1981 208 2047 sicut
228 1979 437 2048 obscoenitas.
484 1981 600 2046 Orator
622 1981 771 2065 surripiat
792 1988 919 2066 oportet
938 1979 1158 2056 imitationem,
1190 1989 1227 2045 ut
1246 1979 1293 2058 is,
1319 1980 1374 2067 qui
1394 2003 1451 2046 au·

127 2075 211 2151 diet,
235 2076 352 2159 cogitet
372 2075 480 2160 plura,
504 2094 597 2161 quam
613 2073 735 2152 videat;
759 2082 898 2160 praestet
914 2073 998 2141 idem
1016 2074 1239 2160 ingenuitatem
1253 2082 1285 2140 et
1301 2077 1451 2141 ruborem

127 2190 236 2245 tuum,
270 2165 441 2235 verborum
460 2166 654 2253 turpitudine
679 2176 709 2233 et
730 2189 837 2234 rerum
859 2166 1073 2236 obscoenitate
1094 2167 1231 2236 vitanda.
1275 2171 1345 2234 LX.
1377 2173 1488 2240 utun

127 2267 211 2349 Ergo
232 2266 311 2329 haec
335 2265 398 2327 duo
420 2282 537 2347 genera
556 2270 629 2327 suut
651 2261 717 2328 eius
740 2261 885 2339 ridiculi,
909 2262 995 2350 quod
1018 2265 1051 2327 iu
1072 2265 1259 2349 repositum
1281 2273 1346 2343 est;
1370 2284 1451 2348 quae

128 2367 201 2422 sunt
220 2358 349 2444 propria
368 2366 590 2443 perpetuarum
613 2355 813 2438 facetiarum,
845 2355 1013 2443 inquibus
1039 2357 1260 2424 describuntur
1286 2358 1450 2425 hominum

128 2473 232 2519 mores
254 2454 349 2518 etita
369 2449 573 2536 effinguntur,
594 2460 630 2515 ut
650 2461 721 2529 aut,
757 2475 793 2518 re
814 2460 939 2517 narrata
960 2451 1083 2537 aliqua,
1108 2456 1217 2539 quales
1239 2456 1316 2530 sint,
1338 2455 1452 2521 intelli·
1555 2486 1556 2491 ¹

129 2557 259 2633 gantur,
297 2558 369 2625 aut,
404 2547 577 2612 imitatione
600 2546 690 2612 brevi
712 2546 840 2621 iniecta,
874 2548 907 2610 in
930 2545 1036 2629 aliquo
1058 2545 1172 2631 insigni
1194 2550 1234 2612 ad
1255 2548 1450 2614 irridendum

127 2642 204 2707 vitio
226 2645 433 2729 reperiantur.
478 2645 550 2706 uti.
575 2642 610 2706 ln
632 2640 717 2706 dicto
739 2649 843 2706 autem
864 2640 1031 2705 ridiculum
1055 2640 1168 2716 estid,
1192 2645 1277 2728 quod
1292 2643 1381 2710 verbi
1396 2651 1451 2708 aut
1459 2667 1488 2710 ιι

128 2737 301 2802 sententiae
316 2734 453 2823 quodam
468 2736 609 2800 acumine
624 2743 781 2800 movetur.
826 2738 888 2800 Sed
902 2744 936 2799 ut
956 2737 990 2799 in
1008 2737 1064 2799 illo
1080 2734 1246 2821 superiore
1266 2757 1381 2822 genere
1398 2739 1451 2803 vel

128 2830 316 2897 narrationis
336 2833 387 2896 vel
407 2828 590 2894 imitationis
610 2828 738 2894 vitanda
758 2837 807 2894 est
823 2832 992 2894 mimorum
1013 2829 1236 2914 ethologorum
1261 2829 1448 2907 similitudo,
1516 2904 1519 2908 ,

128 2923 173 2990 sic
194 2925 228 2991 iu
248 2927 309 2989 hoc
337 2923 476 2990 scurrilis
504 2923 625 2989 oratori
652 2921 798 2988 dicacitas
825 2944 939 3010 magno
969 2943 1066 3010 opere
1098 2924 1249 3008 fugienda
1280 2934 1338 2991 est.
1387 2927 1451 3004 Qui

128 3020 224 3104 igitur
253 3017 477 3102 distinguemus
498 3037 517 3081 ι
539 3020 665 3093 Crasso,
697 3020 866 3094 aCatulo,
898 3039 917 3084 a
942 3020 1055 3083 ceteris
1076 3017 1262 3085 familiarem
1289 3028 1449 3098 restrum,

130 3116 295 3190 Granium,
332 3119 386 3179 aut
412 3111 599 3196 Vargulam,
633 3110 768 3178 amicum
793 3115 919 3176 meumi
956 3114 1026 3177 Nou
1049 3113 1229 3179 mehercule
1252 3115 1287 3179 in
1310 3123 1491 3182 mentemso

128 3207 205 3274 mibi
229 3208 357 3295 quidem
381 3207 483 3274 venit:
517 3215 590 3273 suut
611 3209 695 3271 enim
721 3205 858 3285 dicaces;
892 3207 1007 3272 Granio
1032 3206 1160 3291 quidem
1185 3229 1278 3275 nemo
1301 3207 1452 3275 dicacior.

128 3305 218 3380 Hoc,
242 3307 371 3389 opinor,
395 3303 549 3388 primum,
572 3323 633 3378 ue,
657 3300 903 3388 quotiescunque
924 3301 1064 3386 potuerit
1078 3299 1195 3370 dictum
1217 3301 1297 3379 dici,
1320 3323 1453 3370 necesse

128 3394 299 3463 habeamus
320 3399 437 3462 dicere.
480 3400 554 3462 2⁴5.
590 3395 723 3461 Pusillus
753 3396 841 3461 testis
860 3396 1026 3479 processit.
1068 3398 1199 3474 Licet,
1233 3397 1354 3482 inquit,
1389 3417 1454 3465 ro·

129 3494 243 3575 garet
279 3492 451 3578 Philippus.
493 3495 572 3556 Tum
594 3492 757 3579 quaesitor
778 3509 970 3575 properans,
1007 3487 1120 3555 blodo
1149 3492 1348 3557 breviter.
1392 3494 1452 3558 llic
1546 3558 1549 3563 ,

129 3585 200 3662 ille,
225 3589 308 3652 Nou
328 3582 548 3652 accusabis.
574 3583 843 3673 Perpusillum
863 3587 1031 3669 rogabo.
1075 3583 1230 3651 Ridicule.
1274 3584 1339 3653 esi
1359 3590 1490 3655 sedem

198 3827 224 3876 ι.
239 3827 314 3892 {octo
330 3826 361 3878 Β.
382 3852 411 3865 -
433 3826 460 3877 u.
478 3826 580 3877 litterata
592 3823 716 3877 llldffl
726 3822 883 3875 Scbtttatuea
903 3823 1005 3875 litteras
1023 3825 1079 3875 triu
1097 3822 1180 3881 atu.
1200 3823 1253 3874 duo
1266 3822 1329 3878 mi
1337 3821 1382 3888 (Β)
1393 3825 1453 3889 ΒΒ.·

130 3895 230 3947 titterua
246 3898 298 3948 duo
311 3896 344 3947 A.
358 3922 391 3933 -
409 3909 591 3962 quaereremus
602 3896 635 3945 A.
649 3918 680 3931 -
699 3894 726 3945 ii.
746 3895 840 3958 turget
856 3892 961 3946 Aliiiii.
974 3918 1008 3931 -
1026 3895 1164 3948 umnam
1173 3895 1289 3945 moedau
1305 3895 1400 3961 iurgii
1416 3897 1450 3946 A.

130 3992 163 4004 -
181 3980 262 4032 penus
279 3969 326 4019 icc
344 3982 358 4020 ι
377 3967 461 4018 codd.
481 3967 514 4022 Τ.
533 3967 577 4030 (iit
595 3978 661 4025 uua,
687 3963 780 4031 ΑΒΒ.)
805 3987 836 4001 -
863 3964 890 4015 o.
914 3977 973 4016 uere
990 3977 1044 4017 om.
1063 3965 1096 4016 A.
1122 3991 1150 4004 -
1185 3964 1213 4017 b.
1231 3966 1391 4018 mmdocutia
1410 3968 1449 4028 Β,

130 4038 299 4089 menducictta
317 4052 331 4090 ι
350 4037 521 4090 Cratandrina
541 4037 715 4091 lieurtcheen.
738 4061 763 4072 -
793 4036 820 4086 7.
838 4034 934 4100 tingere
957 4036 998 4091 A.
1027 4034 1121 4100 fruger
1139 4036 1171 4087 Β.
1191 4061 1222 4076 -
1255 4033 1356 4101 ιιιιιι]
1381 4039 1452 4088 enim

130 4108 185 4159 ΒΒ.
204 4134 239 4144 -
257 4110 318 4160 boec
337 4123 389 4160 om.
409 4109 464 4160 itit.
485 4135 516 4146 -
535 4108 561 4158 ti.
581 4111 648 4159 ineat
665 4105 756 4169 steph.
776 4105 868 4156 bamb.
888 4130 917 4143 -
937 4105 980 4157 td.
1000 4109 1055 4158 tatu
1071 4106 1104 4158 Β.
1124 4132 1155 4146 -
1174 4107 1219 4159 15.
1238 4107 1287 4158 bur
1305 4120 1358 4158 otu·
1370 4107 1403 4162 Β.
1417 4130 1450 4144 -

130 4179 237 4231 Senium
248 4185 300 4239 ιιι,
320 4194 379 4230 cum
391 4175 484 4243 oudtc]
504 4179 579 4231 «Non
600 4182 688 4240 inepta
707 4179 822 4239 euspicio
834 4177 955 4228 Lambini
976 4185 1033 4238 eet,
1053 4189 1094 4229 rr.
1115 4177 1182 4228 baec
1200 4188 1256 4230 erae
1276 4180 1359 4241 ipatus
1375 4179 1452 4229 Anti·

130 4251 237 4314 phontis
255 4251 455 4303 adolescents.»
473 4250 538 4302 linc.
568 4250 655 4312 Atque
677 4248 814 4299 lirueatiue
832 4247 926 4300 litteris
944 4249 1075 4300 inclinatis
1100 4248 1268 4312 caprimenda
1289 4251 1398 4301 curarit.
1418 4273 1448 4286 -

130 4321 174 4372 as.
194 4327 249 4373 tcto
268 4321 346 4375 Atili.
367 4347 401 4357 —
427 4322 471 4372 17.
491 4327 517 4372 ιι
534 4320 711 4383 ethologorum
727 4321 769 4378 A,
798 4324 824 4369 ιι
848 4320 982 4382 elegorum
999 4315 1059 4383 (ric)
1083 4316 1116 4369 Β.
1139 4346 1168 4357 -
1187 4320 1211 4368 ιι
1229 4331 1281 4370 om.
1301 4319 1333 4370 Β.
1354 4342 1385 4355 -
1406 4318 1450 4371 18.

130 4394 220 4444 uudiet
236 4392 258 4442 Β
277 4394 391 4457 alitque:
421 4392 518 4442 eradiat
543 4391 573 4442 Β.
601 4415 631 4427 -
664 4389 707 4439 2⁰.
730 4387 920 4451 turpitudinem
942 4389 985 4447 A,
1012 4391 1171 4452 turpitudini
1186 4414 1198 4425 ·
1214 4413 1226 4425 ·
1244 4391 1398 4442 obscenitati
1415 4390 1450 4443 n.

131 4461 231 4527 (rerum
248 4465 410 4528 turpitudine
428 4471 453 4514 ιι
470 4461 609 4513 cuborum
633 4460 807 4510 ιιιιοιιιιιιιι
825 4458 1028 4524 wyttenbachio
1046 4466 1153 4512 auctore
1172 4458 1335 4520 Schtitaiue.)
1354 4484 1386 4498 -
1404 4461 1449 4512 io.

130 4541 160 4585 ιιι
179 4538 228 4584 ιιι
246 4561 255 4572 -
273 4559 285 4570 ·
302 4535 488 4597 intetttpuntur
507 4545 558 4583 om.
579 4530 612 4580 Β.
632 4555 664 4569 -
683 4538 745 4580 aunt
761 4529 794 4579 it.
816 4553 846 4566 -
876 4528 921 4581 Ab.
941 4529 1014 4582 breui
1027 4543 1078 4593 per
1095 4532 1193 4580 iniecto
1211 4529 1252 4590 A,
1273 4530 1298 4581 id
1318 4537 1375 4583 estc
1395 4531 1452 4582 bre·

130 4605 197 4655 citer
214 4606 328 4662 iniecto,
348 4611 377 4655 ut
395 4603 447 4654 Gn.
466 4604 494 4654 Β.
513 4604 623 4667 alitque.
643 4624 675 4638 -
692 4601 832 4651 ridendum
847 4598 881 4649 Β.
904 4624 935 4638 -
954 4599 998 4651 20.
1016 4606 1046 4650 ut
1064 4613 1117 4650 om.
1136 4600 1166 4653 Β.
1186 4624 1219 4638 -
1240 4601 1285 4651 b'i.
1305 4605 1344 4651 ιιι
1361 4607 1387 4652 ιι
1402 4603 1452 4653 mi·

130 4686 233 4726 monam
250 4680 274 4726 et
286 4673 462 4741 ethologorum
474 4673 530 4724 Ali.
554 4697 585 4711 -
603 4669 648 4721 ιι.
663 4673 778 4722 ιιιιιιιι
789 4669 822 4721 A.
835 4694 871 4706 -
887 4669 932 4721 Βθ.
952 4676 977 4722 ιι
988 4684 1006 4720 o
1018 4672 1107 4720 cetaria
1120 4670 1152 4724 Β.
1166 4694 1199 4706 -
1217 4678 1338 4722 neaeman
1347 4671 1402 4725 ΒΒ.
1415 4696 1451 4708 -

132 4744 175 4796 ³⁰.
195 4742 328 4796 Gonnium
339 4746 372 4795 Β.
386 4769 418 4780 -
436 4744 485 4795 Vr.
500 4742 558 4795 Non
574 4741 718 4794 mehercule
728 4766 740 4777 ·
751 4766 762 4779 ·
772 4743 843 4792 uenit
861 4743 917 4792 etue
935 4751 1013 4792 cauea
1031 4752 1136 4792 crucem
1156 4743 1275 4802 praetiatt
1287 4741 1400 4794 Ellendt.
1415 4767 1449 4782 -

132 4815 176 4866 et.
194 4817 259 4867 mitri
275 4816 340 4883 quid
355 4816 399 4880 A,
417 4815 522 4883 quidem
537 4815 602 4870 miii
618 4814 653 4867 a.
672 4839 706 4854 -
725 4809 831 4865 senato
848 4811 882 4864 Β.
902 4836 933 4850 -
961 4808 1006 4863 33.
1020 4813 1148 4875 monuit
1166 4824 1219 4866 cm.
1238 4813 1272 4864 A.
1290 4836 1325 4850 -
1342 4812 1387 4867 db.
1407 4827 1451 4869 uu·
