3232 5392
219 221 280 290 132
716 223 771 289 DE
792 222 1039 290 INVENTIONE

304 385 353 450 17.
391 382 490 448 Causa
518 378 713 449 distribuitur
740 381 774 448 in
801 382 1021 470 impulsionem
1043 393 1075 450 et
1099 382 1133 450 in
1152 382 1438 450 ratiocinationem.
1482 384 1544 447 lm-

213 477 317 566 pulsio
339 485 405 555 est,
439 497 519 564 quae
540 478 609 542 sine
630 477 817 562 cogitatione
839 498 897 564 por
919 477 1073 566 quandam
1095 477 1294 545 allectionem
1316 477 1413 543 animi
1439 475 1544 542 iacere

215 573 333 660 aliquid
354 576 517 645 bortatur,
549 579 585 637 ut
605 591 716 650 amor,
751 570 928 648 iracundia,
958 571 1139 658 aegritudo,
1162 571 1335 640 vinolentia
1361 579 1394 636 et
1415 572 1544 637 omnino

159 698 166 708 ·
215 668 337 744 omnia,
370 667 403 731 in
425 668 538 752 quibus
560 665 682 732 animus
703 666 745 732 ita
767 665 891 731 videtur
912 665 1042 734 affectus
1062 665 1176 744 luisse,
1210 672 1246 733 ut
1273 687 1341 732 rem
1363 665 1544 754 perspicere

193 781 287 828 scum
309 759 441 827 consilio
470 767 502 825 et
529 779 603 825 cura
629 779 693 825 non
713 763 852 846 potuerit
873 768 905 824 et
926 764 976 837 id,
1013 760 1099 846 quod
1127 759 1214 837 iecit,
1253 759 1373 847 impetu
1406 762 1544 846 quodam

214 859 310 922 animi
331 854 437 942 potius
457 875 550 941 quam
565 856 753 940 cogitatione
768 852 890 920 lecerit.
934 855 984 920 18.
1004 854 1212 921 Ratiocinatio
1227 863 1275 920 est
1288 863 1392 920 autem
1411 852 1544 938 diligens

214 960 246 1018 et
272 949 468 1016 considerata
494 948 631 1016 faciendi
660 949 778 1033 aliquid
799 957 854 1014 aut
875 968 940 1014 non
960 948 1096 1015 faciendi
1117 949 1316 1035 excogitatio.
1360 950 1406 1014 Ea
1430 948 1544 1014 dicitur

212 1045 392 1113 interfuisse
425 1054 506 1122 tum,
542 1064 614 1110 cum
641 1043 758 1128 aliquid
789 1051 875 1109 certa
903 1046 943 1109 de
970 1063 1063 1109 causa
1091 1046 1207 1110 vitasse
1235 1052 1289 1109 aut
1315 1051 1441 1109 secutus
1474 1063 1543 1108 csse

213 1144 336 1207 animus
359 1137 531 1220 videbitur,
553 1147 605 1216 ut,
629 1137 657 1203 si
677 1137 833 1203 amicitiae
855 1137 930 1225 quid
952 1158 1045 1204 causa
1066 1137 1183 1206 lactum
1204 1138 1341 1216 dicetur,
1373 1138 1402 1205 si
1424 1137 1544 1204 inimici

177 1232 408 1312 notcisceoti,
443 1233 469 1299 si
497 1242 615 1319 metus,
648 1232 675 1299 si
703 1231 836 1318 gloriae,
870 1231 897 1298 si
927 1232 1094 1319 pecuniae,
1133 1233 1161 1299 si
1187 1233 1340 1321 denique,
1374 1241 1410 1299 ut
1439 1232 1543 1300 omnia

215 1332 389 1416 generatim
411 1329 649 1414 amplectamur,
682 1326 813 1392 alicuius
834 1325 1010 1404 retinendi,
1043 1327 1178 1411 augendi
1200 1327 1435 1412 adipiscendive
1457 1349 1544 1394 com-

213 1424 302 1505 modi
328 1431 382 1489 aut
408 1430 517 1489 contra
544 1421 723 1502 reiiciendi,
758 1420 958 1487 deminuendi
994 1421 1191 1488 devitandive
1219 1420 1410 1489 incommodi
1439 1440 1543 1487 causa.

184 1572 186 1577 .
213 1522 293 1586 Nam
326 1522 441 1584 horum
473 1515 506 1581 in
539 1537 636 1602 genus
664 1514 847 1581 alterutrum
873 1514 926 1581 illa
947 1536 1075 1601 quoque
1101 1516 1258 1592 incident,
1293 1515 1327 1582 in
1354 1515 1470 1600 quibus
1491 1521 1545 1581 aut

214 1613 406 1680 incommodi
427 1609 544 1697 aliquid
566 1609 696 1676 maioris
718 1608 910 1695 adipiscendi
933 1609 1091 1677 commodi
1106 1630 1199 1677 causa
1214 1616 1269 1678 aut
1282 1609 1411 1677 maioris
1426 1607 1543 1676 vitandi

175 1705 407 1775 ssincommodi
433 1704 602 1792 suscipitur
629 1712 683 1769 aut
709 1702 908 1769 commodum
935 1702 1063 1792 aliquod
1090 1704 1218 1772 maioris
1239 1703 1433 1789 adipiscendi
1456 1724 1542 1771 com-

214 1801 299 1869 modi
322 1810 376 1869 aut
395 1798 523 1865 maioris
545 1796 663 1865 vitandi
683 1794 874 1864 incommodi
895 1798 1097 1884 praeteritur.

301 1899 351 1962 19.
384 1895 444 1959 Hic
464 1893 552 1960 locus
574 1892 655 1958 sicut
675 1889 804 1976 aliquod
834 1890 1069 1959 tundamentum
1100 1901 1148 1960 est
1174 1891 1269 1960 huius
1298 1890 1540 1959 constitutionis.

214 1994 292 2057 Nam
312 1987 389 2054 nibil
410 1987 527 2052 lactum
549 2006 617 2052 esse
639 1985 784 2073 cuiquam
806 1985 974 2072 probatur,
997 1987 1059 2053 nisi
1079 1987 1214 2075 aliquid,
1237 2008 1336 2073 quare
1357 1989 1475 2053 tactum
1491 1985 1541 2063 sit,

215 2082 402 2151 ostenditm.
446 2084 532 2166 Ergo
555 2089 734 2157 accusator,
769 2101 840 2146 cnm
867 2080 1055 2168 impulsione
1077 2080 1195 2169 aliquid
1216 2080 1333 2148 iactum
1356 2103 1427 2150 esse
1449 2081 1541 2158 dicet,

176 2180 302 2248 suillum
331 2180 484 2261 impetum
517 2184 549 2241 et
581 2177 736 2259 quandam
764 2175 1009 2243 commotionem
1031 2175 1127 2243 animi
1149 2176 1412 2262 affectionemque
1433 2176 1541 2243 verbis

216 2283 247 2340 et
279 2271 441 2340 sententiis
470 2269 660 2357 amplificare
686 2268 813 2337 debebit
840 2278 872 2335 et
899 2273 1083 2345 ostendere,
1117 2277 1234 2358 quanta
1264 2272 1312 2337 vis
1340 2273 1381 2337 sit
1412 2272 1541 2349 amoris,

216 2378 331 2457 quanta
361 2365 458 2432 animi
491 2361 686 2450 perturbatio
716 2384 756 2429 ex
784 2362 945 2431 iracundia
971 2364 1025 2430 fiat
1045 2373 1098 2430 aut
1118 2386 1159 2431 ex
1179 2365 1284 2450 aliqua
1305 2385 1398 2432 causa
1421 2386 1541 2441 earum,

216 2483 278 2548 qua
299 2459 468 2547 impulsum
490 2457 627 2546 aliquem
650 2457 683 2522 id
704 2456 816 2524 fecisse
838 2457 931 2524 dicet.
981 2461 1040 2523 Hic
1062 2470 1092 2526 et
1113 2459 1330 2546 exemplorum
1353 2479 1544 2526 commemo-

216 2556 357 2631 ratione,
381 2553 436 2640 qui
457 2553 552 2617 simili
573 2550 711 2636 impulsu
732 2552 851 2637 aliquid
872 2554 1102 2630 commiserint,
1136 2561 1167 2619 et
1190 2551 1428 2620 similitudinum
1450 2553 1545 2619 colla·

179 2653 303 2718 ustione
324 2657 356 2715 et
375 2647 474 2734 ipsius
495 2646 592 2712 animi
614 2646 788 2712 allectionis
803 2646 1012 2730 explicatione
1028 2650 1199 2714 curandum
1215 2657 1278 2726 est,
1301 2655 1415 2713 utnon
1429 2648 1544 2713 mirum

208 2745 376 2827 videatur,
403 2742 431 2807 si
452 2744 538 2828 quod
560 2740 600 2806 ad
621 2740 742 2807 lacinus
763 2740 818 2806 tali
838 2740 1077 2827 perturbatione
1099 2751 1275 2809 commotus
1296 2746 1418 2809 animos
1441 2762 1545 2808 acces·

217 2841 305 2907 serit.
350 2839 401 2902 VI.
423 2839 476 2900 29.
502 2837 580 2902 Cum
602 2843 708 2901 autem
723 2855 788 2901 oon
801 2834 1004 2920 impulsione,
1026 2855 1137 2901 verum
1151 2835 1390 2902 ratiocinatione
1406 2836 1543 2922 aliquem

217 2931 410 2999 commisisse
439 2929 515 3015 quid
544 2928 640 3004 dicet,
674 2931 749 3016 quid
778 2928 936 2995 commodi
966 2929 1006 2996 sit
1032 2938 1158 2996 secutus
1178 2939 1234 2996 aut
1254 2929 1331 3015 quid
1351 2929 1544 2999 incommodi

216 3026 349 3114 ingerit,
383 3021 610 3091 demonstrabit
630 3031 662 3089 et
682 3024 715 3089 id
737 3020 882 3106 augebit,
913 3045 1006 3111 quarn
1029 3023 1164 3089 maxime
1186 3024 1318 3109 poterit,
1351 3033 1404 3103 ut,
1440 3028 1544 3114 quoad

181 3123 286 3189 accius
318 3119 388 3186 fieri
419 3117 538 3205 possit,
573 3118 686 3184 idonea
719 3138 813 3202 quam
844 3118 980 3185 maxime
1013 3140 1106 3185 cansa
1134 3123 1174 3185 ad
1202 3118 1396 3206 peccandum
1420 3106 1546 3186 hortata

217 3219 373 3283 videatur.
420 3215 453 3276 Si
475 3211 596 3297 gloriae
619 3231 728 3289 causa,
753 3220 900 3297 quantam
921 3213 1055 3299 gloriam
1078 3222 1316 3280 consecuturam
1338 3213 1543 3293 existimarim

217 3311 294 3376 item
316 3309 344 3374 si
365 3306 607 3384 dominationis,
646 3305 672 3370 si
699 3306 873 3391 pecuniae,
908 3308 935 3372 si
964 3308 1134 3385 amicitiae,
1170 3307 1198 3374 si
1225 3307 1478 3388 inimicitiarum
1515 3317 1547 3374 et

219 3403 349 3471 omnino
371 3400 517 3489 quicquid
539 3400 615 3477 erit,
637 3403 722 3485 quod
744 3420 855 3466 causae
877 3399 974 3466 luisse
996 3401 1095 3480 dicet,
1118 3402 1152 3468 id
1166 3423 1287 3469 summe
1309 3424 1426 3488 augere
1448 3406 1545 3468 debe-

218 3498 276 3566 bit.
321 3501 373 3562 21.
398 3499 438 3561 Et
459 3500 519 3561 hoc
541 3517 612 3560 enm
635 3514 748 3579 magno
770 3515 870 3578 opero
890 3494 1092 3563 considerare
1114 3496 1291 3582 oportebit,
1330 3517 1394 3563 non
1416 3497 1493 3586 qnid
1513 3497 1546 3563 in

183 3592 351 3660 severitate
373 3592 488 3666 modo,
512 3611 622 3657 verum
645 3589 739 3654 etiam
760 3589 991 3664 vehementius,
1016 3590 1091 3676 quid
1113 3591 1146 3656 in
1166 3591 1316 3678 opinione
1338 3591 1425 3668 eius,
1451 3610 1546 3677 quem

220 3694 348 3770 arguet,
381 3684 488 3749 luerit.
533 3682 617 3748 Nihil
646 3683 729 3748 enim
749 3681 847 3747 relert
867 3704 931 3749 non
952 3682 1050 3750 fuisse
1070 3693 1124 3751 ant
1144 3707 1208 3752 non
1231 3706 1300 3752 esse
1321 3685 1439 3771 aliquid
1461 3705 1547 3751 com-

220 3780 307 3848 modi
333 3787 388 3846 aut
418 3776 628 3854 incommodi,
665 3776 692 3842 si
721 3775 843 3843 ostendi
870 3786 974 3863 potest
999 3778 1030 3844 ei
1055 3779 1159 3846 visum
1189 3800 1273 3858 esse,
1310 3779 1364 3865 qui
1386 3789 1546 3866 arguatur.

1423 3911 1540 3924 h—

291 3975 682 4039 tormentumque.
713 3999 740 4010 -
769 3977 795 4028 6.
815 3981 853 4028 est
869 3984 958 4028 autem
975 3977 1040 4028 PR:
1064 3983 1153 4030 autem
1171 3984 1209 4030 est
1231 3980 1310 4030 ΑΤΕ.
1335 4004 1369 4016 -
1396 3978 1424 4030 8.
1443 3979 1547 4044 aliquid

221 4057 293 4103 certo
312 4050 467 4100 Schtttzlus:
488 4047 591 4109 aliquid
607 4046 723 4110 sociandi
740 4052 789 4098 out
805 4060 862 4097 non
879 4047 996 4108 faciendi
1013 4057 1087 4100 certo
1106 4050 1190 4110 ΡΑΤ,
1211 4051 1314 4114 aliquid
1331 4051 1481 4116 tuomum
1498 4057 1547 4101 out

220 4138 275 4173 non
293 4121 443 4183 sociandum
460 4123 533 4166 corto
551 4117 607 4167 RF..
627 4142 660 4153 -
679 4119 706 4168 9.
726 4117 859 4168 uidebitur
877 4117 916 4178 P,
945 4118 1035 4170 Sciret.
1055 4119 1146 4171 oud-s
1174 4121 1282 4172 uidetur
1308 4122 1410 4172 ARTE.
1438 4144 1468 4156 -
1501 4118 1544 4172 19.

221 4194 250 4243 in
268 4194 362 4242 luorum
388 4187 491 4240 PART.
513 4213 541 4227 -
572 4190 602 4237 in
628 4188 720 4253 quibus
739 4192 788 4238 out
805 4188 965 4240 incommodi
984 4190 1086 4252 aliquid
1107 4192 1218 4241 maioris
1236 4192 1400 4254 adipiscendi
1418 4192 1547 4242 commodi

221 4276 306 4314 conso
324 4266 371 4312 uui
388 4260 498 4310 maioris
514 4259 618 4308 uitandi
634 4258 794 4309 incommodi
811 4261 953 4321 mannitur
976 4259 1144 4312 Victorinum
1172 4262 1201 4312 in
1226 4262 1318 4328 quitus
1345 4268 1393 4313 out
1417 4263 1547 4313 commodi

221 4334 323 4398 aliquid
338 4332 449 4382 maioris
468 4329 632 4390 adipiscendi
649 4342 731 4380 conso
749 4336 796 4379 ont
813 4331 925 4380 motoria
941 4331 1045 4382 uitandi
1061 4333 1218 4383 incommodi
1235 4333 1380 4396 susdpitur
1403 4332 1491 4394 ΡΑΤ,
1518 4334 1547 4381 in

221 4405 316 4468 quibus
338 4408 386 4453 out
411 4401 604 4451 incommodum
628 4400 736 4464 aliquod
760 4402 872 4449 maioris
896 4402 1001 4451 uitandi
1023 4403 1181 4453 incommodi
1197 4417 1278 4454 ceusu
1295 4407 1343 4452 out
1359 4405 1471 4454 maioris
1489 4403 1547 4452 odi·

220 4474 339 4539 pinsendi
356 4471 486 4523 commodi
502 4472 643 4532 suscipitur
661 4471 719 4528 RE.
739 4495 773 4506 -
792 4471 835 4521 15.
855 4474 903 4519 ont
919 4470 1029 4535 aliquod
1046 4474 1209 4524 commodum
1225 4474 1337 4525 maioris
1354 4474 1390 4534 P,
1411 4479 1460 4523 ont
1478 4486 1548 4524 com·

221 4544 295 4593 modi
318 4545 428 4594 maioris
446 4542 555 4606 aliquod
573 4554 613 4604 pr.
634 4540 665 4590 T.
701 4539 746 4603 (Ut
763 4554 829 4601 nos,
850 4553 918 4591 corr.
939 4541 983 4599 Τ.)
1002 4567 1033 4578 -
1061 4543 1104 4596 19.
1124 4545 1280 4607 impulsione
1297 4545 1400 4607 aliquid
1412 4544 1545 4596 trani:

222 4615 324 4677 aliquid
341 4615 497 4676 impulsione
517 4612 548 4661 E.
570 4635 600 4648 -
619 4613 661 4662 21.
684 4614 718 4661 sit
737 4611 836 4662 umoris
852 4611 965 4662 PART:
985 4615 1084 4664 umoris
1102 4615 1138 4664 sit
1154 4614 1186 4666 ll.
1207 4640 1238 4652 -
1267 4615 1310 4665 25.
1330 4616 1548 4683 exemplificatio·

221 4698 255 4734 ne
273 4685 310 4746 P,
338 4685 424 4736 Orco.
444 4696 522 4736 unus·
544 4706 574 4719 -
604 4681 650 4732 26.
680 4681 712 4732 V.
738 4685 842 4732 unimus
864 4689 1017 4745 suspectum
1043 4685 1104 4736 Ero.
1130 4684 1183 4735 del.
1203 4685 1266 4737 Sch.
1286 4685 1397 4736 Servant
1415 4689 1500 4738 nostrl
1520 4692 1547 4737 et

222 4756 384 4805 Victortnus.
415 4779 443 4790 -
471 4752 516 4803 29.
535 4759 565 4804 ut
582 4752 656 4818 quod
673 4752 766 4818 adteri
782 4752 820 4812 P,
839 4757 868 4803 ut
887 4753 959 4817 quod
978 4756 1033 4805 eina
1049 4756 1109 4822 ptari
1125 4754 1187 4818 ΔΤ,
1206 4763 1237 4806 ut
1257 4756 1313 4806 eins
1329 4754 1419 4819 quood
1436 4758 1494 4822 fieri
1511 4756 1544 4807 lt.

222 4827 298 4888 (iiius
318 4833 422 4886 praeter
439 4823 460 4874 P
479 4837 531 4880 om.
552 4823 639 4875 scoot.
661 4823 732 4874 0ud.
760 4822 836 4876 Voss.
861 4823 897 4875 11.
927 4824 1032 4878 Oronn.
1058 4831 1170 4891 septem.
1208 4827 1300 4881 Serrai
1320 4825 1493 4896 victorinus.)
1511 4851 1546 4865 -·

221 4895 267 4953 ὅθι
283 4896 385 4953 alffius
400 4895 458 4950 AT·
476 4917 510 4935 '¹'
528 4893 573 4949 ³50
592 4897 617 4948 00¹
632 4893 690 4947 AT·
