<?xml version="1.0" encoding="UTF-8"?>
<!DOCTYPE html PUBLIC "-//W3C//DTD XHTML 1.0 Transitional//EN"
    "http://www.w3.org/TR/xhtml1/DTD/xhtml1-transitional.dtd">
<html xmlns="http://www.w3.org/1999/xhtml" xml:lang="en" lang="en">
 <head>
  <title>
</title>
<meta http-equiv="Content-Type" content="text/html;charset=utf-8" />
  <meta name='ocr-system' content='tesseract 3.04.00' />
  <meta name='ocr-capabilities' content='ocr_page ocr_carea ocr_par ocr_line ocrx_word'/>
</head>
<body>
  <div class='ocr_page' id='page_1' title='image "./operaquaesupers04halmgoog/operaquaesupers04halmgoog_0281.png"; bbox 0 0 3232 5392; ppageno 0'>
   <div class='ocr_carea' id='block_1_1' title="bbox 189 185 1030 269">
    <p class='ocr_par' dir='ltr' id='par_1_1' title="bbox 189 185 1030 269">
     <span class='ocr_line' id='line_1_1' title="bbox 189 185 1030 269; baseline 0 -16"><span class='ocrx_word' id='word_1_1' title='bbox 189 187 252 253; x_wconf 83' lang='lat' dir='ltr'><strong>sce</strong></span> <span class='ocrx_word' id='word_1_2' title='bbox 717 185 771 256; x_wconf 86' lang='lat' dir='ltr'><strong>nu</strong></span> <span class='ocrx_word' id='word_1_3' title='bbox 801 188 988 254; x_wconf 74' lang='lat' dir='ltr'><strong>onerosa</strong></span> <span class='ocrx_word' id='word_1_4' title='bbox 1024 256 1030 269; x_wconf 67' lang='grc'><strong>,</strong></span> 
     </span>
    </p>
   </div>
   <div class='ocr_carea' id='block_1_2' title="bbox 150 346 1514 1660">
    <p class='ocr_par' dir='ltr' id='par_1_2' title="bbox 150 346 1514 1660">
     <span class='ocr_line' id='line_1_2' title="bbox 189 346 1512 434; baseline 0.003 -21"><span class='ocrx_word' id='word_1_5' title='bbox 189 369 276 413; x_wconf 91' lang='lat' dir='ltr'><strong>num</strong></span> <span class='ocrx_word' id='word_1_6' title='bbox 299 349 517 432; x_wconf 87' lang='lat' dir='ltr'><strong>recepisse.</strong></span> <span class='ocrx_word' id='word_1_7' title='bbox 560 349 612 412; x_wconf 80' lang='lat' dir='ltr'><strong>An</strong></span> <span class='ocrx_word' id='word_1_8' title='bbox 633 348 693 412; x_wconf 87' lang='lat' dir='ltr'><strong>rei</strong></span> <span class='ocrx_word' id='word_1_9' title='bbox 715 346 904 414; x_wconf 82' lang='lat' dir='ltr'><strong>militarit</strong></span> <span class='ocrx_word' id='word_1_10' title='bbox 931 347 1005 425; x_wconf 84' lang='lat' dir='ltr'><strong>Qui</strong></span> <span class='ocrx_word' id='word_1_11' title='bbox 1026 369 1224 434; x_wconf 90' lang='lat' dir='ltr'><strong>nunquam</strong></span> <span class='ocrx_word' id='word_1_12' title='bbox 1245 355 1379 415; x_wconf 86' lang='lat' dir='ltr'><strong>castre</strong></span> <span class='ocrx_word' id='word_1_13' title='bbox 1400 351 1512 417; x_wconf 82' lang='lat' dir='ltr'><strong>ride-</strong></span> 
     </span>
     <span class='ocr_line' id='line_1_3' title="bbox 189 441 1511 529; baseline 0.002 -22"><span class='ocrx_word' id='word_1_14' title='bbox 189 442 267 507; x_wconf 90' lang='lat' dir='ltr'><strong>risl</strong></span> <span class='ocrx_word' id='word_1_15' title='bbox 304 445 359 508; x_wconf 81' lang='lat' dir='ltr'><strong>An</strong></span> <span class='ocrx_word' id='word_1_16' title='bbox 380 441 662 527; x_wconf 72' lang='lat' dir='ltr'><strong>eloquentiae?</strong></span> <span class='ocrx_word' id='word_1_17' title='bbox 696 444 805 520; x_wconf 87' lang='lat' dir='ltr'><strong>Quae</strong></span> <span class='ocrx_word' id='word_1_18' title='bbox 826 441 932 508; x_wconf 91' lang='lat' dir='ltr'><strong>nulla</strong></span> <span class='ocrx_word' id='word_1_19' title='bbox 954 450 1014 506; x_wconf 91' lang='lat' dir='ltr'><strong>est</strong></span> <span class='ocrx_word' id='word_1_20' title='bbox 1035 443 1075 507; x_wconf 94' lang='lat' dir='ltr'><strong>in</strong></span> <span class='ocrx_word' id='word_1_21' title='bbox 1097 451 1150 520; x_wconf 90' lang='lat' dir='ltr'><strong>te;</strong></span> <span class='ocrx_word' id='word_1_22' title='bbox 1172 450 1210 509; x_wconf 92' lang='lat' dir='ltr'><strong>et</strong></span> <span class='ocrx_word' id='word_1_23' title='bbox 1231 442 1430 529; x_wconf 92' lang='lat' dir='ltr'><strong>quidquid</strong></span> <span class='ocrx_word' id='word_1_24' title='bbox 1452 455 1511 510; x_wconf 87' lang='lat' dir='ltr'><strong>est</strong></span> 
     </span>
     <span class='ocr_line' id='line_1_4' title="bbox 189 534 1513 631; baseline 0.003 -29"><span class='ocrx_word' id='word_1_25' title='bbox 189 534 300 603; x_wconf 78' lang='lat' dir='ltr'><strong>vocis</strong></span> <span class='ocrx_word' id='word_1_26' title='bbox 332 557 375 602; x_wconf 94' lang='lat' dir='ltr'><strong>ac</strong></span> <span class='ocrx_word' id='word_1_27' title='bbox 407 536 583 621; x_wconf 76' lang='lat' dir='ltr'><strong>linguae,</strong></span> <span class='ocrx_word' id='word_1_28' title='bbox 621 556 737 602; x_wconf 91' lang='lat' dir='ltr'><strong>omne</strong></span> <span class='ocrx_word' id='word_1_29' title='bbox 766 536 804 602; x_wconf 91' lang='lat' dir='ltr'><strong>in</strong></span> <span class='ocrx_word' id='word_1_30' title='bbox 829 536 949 602; x_wconf 91' lang='lat' dir='ltr'><strong>istum</strong></span> <span class='ocrx_word' id='word_1_31' title='bbox 976 535 1256 623; x_wconf 89' lang='lat' dir='ltr'><strong>turpissimum</strong></span> <span class='ocrx_word' id='word_1_32' title='bbox 1285 537 1513 631; x_wconf 59' lang='lat' dir='ltr'><strong>calumniae</strong></span> 
     </span>
     <span class='ocr_line' id='line_1_5' title="bbox 190 629 1513 716; baseline 0.002 -20"><span class='ocrx_word' id='word_1_33' title='bbox 190 639 397 716; x_wconf 88' lang='lat' dir='ltr'><strong>quaestum</strong></span> <span class='ocrx_word' id='word_1_34' title='bbox 419 630 659 695; x_wconf 77' lang='lat' dir='ltr'><strong>contulisti!</strong></span> <span class='ocrx_word' id='word_1_35' title='bbox 691 635 745 697; x_wconf 84' lang='lat' dir='ltr'><strong>Tu</strong></span> <span class='ocrx_word' id='word_1_36' title='bbox 768 629 896 696; x_wconf 91' lang='lat' dir='ltr'><strong>lucem</strong></span> <span class='ocrx_word' id='word_1_37' title='bbox 917 629 1104 715; x_wconf 80' lang='lat' dir='ltr'><strong>aspicere</strong></span> <span class='ocrx_word' id='word_1_38' title='bbox 1127 630 1269 697; x_wconf 75' lang='lat' dir='ltr'><strong>audes?</strong></span> <span class='ocrx_word' id='word_1_39' title='bbox 1298 641 1340 696; x_wconf 92' lang='lat' dir='ltr'><strong>tu</strong></span> <span class='ocrx_word' id='word_1_40' title='bbox 1360 634 1430 698; x_wconf 88' lang='lat' dir='ltr'><strong>bos</strong></span> <span class='ocrx_word' id='word_1_41' title='bbox 1451 633 1513 698; x_wconf 92' lang='lat' dir='ltr'><strong>in·</strong></span> 
     </span>
     <span class='ocr_line' id='line_1_6' title="bbox 166 721 1512 816; baseline 0 -22"><span class='ocrx_word' id='word_1_42' title='bbox 166 722 319 794; x_wconf 82' lang='lat' dir='ltr'><strong>sinerii</strong></span> <span class='ocrx_word' id='word_1_43' title='bbox 351 731 391 790; x_wconf 94' lang='lat' dir='ltr'><strong>tu</strong></span> <span class='ocrx_word' id='word_1_44' title='bbox 411 723 451 791; x_wconf 93' lang='lat' dir='ltr'><strong>in</strong></span> <span class='ocrx_word' id='word_1_45' title='bbox 471 721 581 799; x_wconf 85' lang='lat' dir='ltr'><strong>foro,</strong></span> <span class='ocrx_word' id='word_1_46' title='bbox 604 734 643 790; x_wconf 92' lang='lat' dir='ltr'><strong>tu</strong></span> <span class='ocrx_word' id='word_1_47' title='bbox 662 723 704 790; x_wconf 93' lang='lat' dir='ltr'><strong>in</strong></span> <span class='ocrx_word' id='word_1_48' title='bbox 724 721 840 803; x_wconf 89' lang='lat' dir='ltr'><strong>urbe,</strong></span> <span class='ocrx_word' id='word_1_49' title='bbox 864 733 907 790; x_wconf 91' lang='lat' dir='ltr'><strong>tu</strong></span> <span class='ocrx_word' id='word_1_50' title='bbox 927 724 965 787; x_wconf 91' lang='lat' dir='ltr'><strong>in</strong></span> <span class='ocrx_word' id='word_1_51' title='bbox 988 727 1133 791; x_wconf 87' lang='lat' dir='ltr'><strong>civium</strong></span> <span class='ocrx_word' id='word_1_52' title='bbox 1155 747 1249 792; x_wconf 89' lang='lat' dir='ltr'><strong>esse</strong></span> <span class='ocrx_word' id='word_1_53' title='bbox 1271 733 1512 816; x_wconf 76' lang='lat' dir='ltr'><strong>conspectui</strong></span> 
     </span>
     <span class='ocr_line' id='line_1_7' title="bbox 188 817 1512 907; baseline 0.002 -22"><span class='ocrx_word' id='word_1_54' title='bbox 188 828 230 888; x_wconf 89' lang='lat' dir='ltr'><strong>tn</strong></span> <span class='ocrx_word' id='word_1_55' title='bbox 261 817 373 886; x_wconf 90' lang='lat' dir='ltr'><strong>illam</strong></span> <span class='ocrx_word' id='word_1_56' title='bbox 403 826 611 896; x_wconf 88' lang='lat' dir='ltr'><strong>mortuam,</strong></span> <span class='ocrx_word' id='word_1_57' title='bbox 649 826 691 886; x_wconf 91' lang='lat' dir='ltr'><strong>tn</strong></span> <span class='ocrx_word' id='word_1_58' title='bbox 722 818 926 905; x_wconf 79' lang='lat' dir='ltr'><strong>imagines</strong></span> <span class='ocrx_word' id='word_1_59' title='bbox 954 819 1064 905; x_wconf 88' lang='lat' dir='ltr'><strong>ipsas</strong></span> <span class='ocrx_word' id='word_1_60' title='bbox 1092 841 1172 888; x_wconf 93' lang='lat' dir='ltr'><strong>non</strong></span> <span class='ocrx_word' id='word_1_61' title='bbox 1200 824 1512 907; x_wconf 75' lang='lat' dir='ltr'><strong>perhorrescis?</strong></span> 
     </span>
     <span class='ocr_line' id='line_1_8' title="bbox 188 912 1513 1003; baseline 0.003 -24"><span class='ocrx_word' id='word_1_62' title='bbox 188 915 327 1000; x_wconf 89' lang='lat' dir='ltr'><strong>quibus</strong></span> <span class='ocrx_word' id='word_1_63' title='bbox 348 932 422 980; x_wconf 92' lang='lat' dir='ltr'><strong>non</strong></span> <span class='ocrx_word' id='word_1_64' title='bbox 446 915 559 979; x_wconf 93' lang='lat' dir='ltr'><strong>modo</strong></span> <span class='ocrx_word' id='word_1_65' title='bbox 580 912 786 980; x_wconf 84' lang='lat' dir='ltr'><strong>imitandis</strong></span> <span class='ocrx_word' id='word_1_66' title='bbox 808 917 877 980; x_wconf 92' lang='lat' dir='ltr'><strong>sed</strong></span> <span class='ocrx_word' id='word_1_67' title='bbox 898 933 944 978; x_wconf 92' lang='lat' dir='ltr'><strong>ne</strong></span> <span class='ocrx_word' id='word_1_68' title='bbox 966 915 1220 982; x_wconf 85' lang='lat' dir='ltr'><strong>collocandis</strong></span> <span class='ocrx_word' id='word_1_69' title='bbox 1249 918 1405 1003; x_wconf 90' lang='lat' dir='ltr'><strong>quidem</strong></span> <span class='ocrx_word' id='word_1_70' title='bbox 1435 915 1513 983; x_wconf 89' lang='lat' dir='ltr'><strong>tibi</strong></span> 
     </span>
     <span class='ocr_line' id='line_1_9' title="bbox 187 998 1508 1098; baseline 0.007 -24"><span class='ocrx_word' id='word_1_71' title='bbox 187 1010 318 1077; x_wconf 87' lang='lat' dir='ltr'><strong>loonm</strong></span> <span class='ocrx_word' id='word_1_72' title='bbox 338 1007 460 1073; x_wconf 90' lang='lat' dir='ltr'><strong>ullum</strong></span> <span class='ocrx_word' id='word_1_73' title='bbox 480 998 702 1093; x_wconf 80' lang='lat' dir='ltr'><strong>reliquisti.</strong></span> <span class='ocrx_word' id='word_1_74' title='bbox 747 1012 825 1077; x_wconf 87' lang='lat' dir='ltr'><strong>LVI.</strong></span> <span class='ocrx_word' id='word_1_75' title='bbox 850 1012 922 1077; x_wconf 87' lang='grc'><strong>227.</strong></span> <span class='ocrx_word' id='word_1_76' title='bbox 948 1012 1011 1076; x_wconf 89' lang='lat' dir='ltr'><strong>Sed</strong></span> <span class='ocrx_word' id='word_1_77' title='bbox 1032 1009 1110 1076; x_wconf 88' lang='lat' dir='ltr'><strong>haec</strong></span> <span class='ocrx_word' id='word_1_78' title='bbox 1130 1009 1248 1096; x_wconf 81' lang='lat' dir='ltr'><strong>tragica</strong></span> <span class='ocrx_word' id='word_1_79' title='bbox 1269 1019 1364 1098; x_wconf 89' lang='lat' dir='ltr'><strong>atque</strong></span> <span class='ocrx_word' id='word_1_80' title='bbox 1386 1011 1508 1083; x_wconf 80' lang='lat' dir='ltr'><strong>divina:</strong></span> 
     </span>
     <span class='ocr_line' id='line_1_10' title="bbox 187 1101 1514 1177; baseline 0 -8"><span class='ocrx_word' id='word_1_81' title='bbox 187 1104 289 1177; x_wconf 80' lang='lat' dir='ltr'><strong>faceta</strong></span> <span class='ocrx_word' id='word_1_82' title='bbox 309 1111 412 1168; x_wconf 89' lang='lat' dir='ltr'><strong>autem</strong></span> <span class='ocrx_word' id='word_1_83' title='bbox 434 1111 467 1169; x_wconf 91' lang='lat' dir='ltr'><strong>et</strong></span> <span class='ocrx_word' id='word_1_84' title='bbox 487 1101 608 1168; x_wconf 86' lang='lat' dir='ltr'><strong>urbana</strong></span> <span class='ocrx_word' id='word_1_85' title='bbox 628 1102 871 1169; x_wconf 86' lang='lat' dir='ltr'><strong>innumerabilia</strong></span> <span class='ocrx_word' id='word_1_86' title='bbox 891 1125 933 1174; x_wconf 85' lang='lat' dir='ltr'><strong>ex</strong></span> <span class='ocrx_word' id='word_1_87' title='bbox 953 1129 1016 1173; x_wconf 90' lang='lat' dir='ltr'><strong>una</strong></span> <span class='ocrx_word' id='word_1_88' title='bbox 1037 1109 1185 1172; x_wconf 90' lang='lat' dir='ltr'><strong>contione</strong></span> <span class='ocrx_word' id='word_1_89' title='bbox 1210 1105 1406 1172; x_wconf 74' lang='lat' dir='ltr'><strong>meministis.</strong></span> <span class='ocrx_word' id='word_1_90' title='bbox 1451 1111 1514 1172; x_wconf 84' lang='lat' dir='ltr'><strong>Nec</strong></span> 
     </span>
     <span class='ocr_line' id='line_1_11' title="bbox 150 1197 1509 1287; baseline 0.001 -22"><span class='ocrx_word' id='word_1_91' title='bbox 150 1201 272 1265; x_wconf 86' lang='lat' dir='ltr'><strong>monim</strong></span> <span class='ocrx_word' id='word_1_92' title='bbox 304 1197 464 1264; x_wconf 89' lang='lat' dir='ltr'><strong>contentio</strong></span> <span class='ocrx_word' id='word_1_93' title='bbox 496 1198 598 1263; x_wconf 90' lang='lat' dir='ltr'><strong>maior</strong></span> <span class='ocrx_word' id='word_1_94' title='bbox 628 1219 767 1284; x_wconf 90' lang='lat' dir='ltr'><strong>unquam</strong></span> <span class='ocrx_word' id='word_1_95' title='bbox 795 1198 855 1265; x_wconf 88' lang='lat' dir='ltr'><strong>fuit</strong></span> <span class='ocrx_word' id='word_1_96' title='bbox 880 1225 939 1269; x_wconf 90' lang='lat' dir='ltr'><strong>nec</strong></span> <span class='ocrx_word' id='word_1_97' title='bbox 966 1204 1049 1286; x_wconf 91' lang='lat' dir='ltr'><strong>apud</strong></span> <span class='ocrx_word' id='word_1_98' title='bbox 1080 1199 1230 1287; x_wconf 90' lang='lat' dir='ltr'><strong>populum</strong></span> <span class='ocrx_word' id='word_1_99' title='bbox 1259 1199 1387 1285; x_wconf 74' lang='lat' dir='ltr'><strong>gravim</strong></span> <span class='ocrx_word' id='word_1_100' title='bbox 1408 1201 1509 1266; x_wconf 92' lang='lat' dir='ltr'><strong>oratio</strong></span> 
     </span>
     <span class='ocr_line' id='line_1_12' title="bbox 188 1290 1512 1382; baseline 0.002 -24"><span class='ocrx_word' id='word_1_101' title='bbox 188 1312 282 1380; x_wconf 92' lang='lat' dir='ltr'><strong>quam</strong></span> <span class='ocrx_word' id='word_1_102' title='bbox 302 1294 396 1357; x_wconf 91' lang='lat' dir='ltr'><strong>huius</strong></span> <span class='ocrx_word' id='word_1_103' title='bbox 419 1299 528 1358; x_wconf 90' lang='lat' dir='ltr'><strong>contra</strong></span> <span class='ocrx_word' id='word_1_104' title='bbox 548 1290 701 1376; x_wconf 78' lang='lat' dir='ltr'><strong>collegam</strong></span> <span class='ocrx_word' id='word_1_105' title='bbox 723 1295 756 1358; x_wconf 94' lang='lat' dir='ltr'><strong>in</strong></span> <span class='ocrx_word' id='word_1_106' title='bbox 778 1313 910 1363; x_wconf 87' lang='lat' dir='ltr'><strong>censura</strong></span> <span class='ocrx_word' id='word_1_107' title='bbox 932 1316 1032 1382; x_wconf 90' lang='lat' dir='ltr'><strong>nuper</strong></span> <span class='ocrx_word' id='word_1_108' title='bbox 1051 1314 1153 1378; x_wconf 90' lang='lat' dir='ltr'><strong>neque</strong></span> <span class='ocrx_word' id='word_1_109' title='bbox 1174 1296 1285 1380; x_wconf 91' lang='lat' dir='ltr'><strong>lepore</strong></span> <span class='ocrx_word' id='word_1_110' title='bbox 1300 1303 1332 1358; x_wconf 82' lang='lat' dir='ltr'><strong>ct</strong></span> <span class='ocrx_word' id='word_1_111' title='bbox 1344 1293 1512 1361; x_wconf 83' lang='lat' dir='ltr'><strong>festivitate</strong></span> 
     </span>
     <span class='ocr_line' id='line_1_13' title="bbox 188 1385 1512 1477; baseline 0.002 -24"><span class='ocrx_word' id='word_1_112' title='bbox 188 1385 356 1453; x_wconf 83' lang='lat' dir='ltr'><strong>conditior.</strong></span> <span class='ocrx_word' id='word_1_113' title='bbox 401 1389 505 1465; x_wconf 86' lang='lat' dir='ltr'><strong>Quare</strong></span> <span class='ocrx_word' id='word_1_114' title='bbox 527 1385 603 1462; x_wconf 91' lang='lat' dir='ltr'><strong>tibi,</strong></span> <span class='ocrx_word' id='word_1_115' title='bbox 636 1387 764 1462; x_wconf 80' lang='lat' dir='ltr'><strong>Antoni,</strong></span> <span class='ocrx_word' id='word_1_116' title='bbox 800 1398 969 1477; x_wconf 88' lang='lat' dir='ltr'><strong>utrumque</strong></span> <span class='ocrx_word' id='word_1_117' title='bbox 998 1390 1153 1454; x_wconf 82' lang='lat' dir='ltr'><strong>assentior</strong></span> <span class='ocrx_word' id='word_1_118' title='bbox 1175 1396 1206 1453; x_wconf 90' lang='lat' dir='ltr'><strong>et</strong></span> <span class='ocrx_word' id='word_1_119' title='bbox 1227 1387 1360 1453; x_wconf 91' lang='lat' dir='ltr'><strong>multum</strong></span> <span class='ocrx_word' id='word_1_120' title='bbox 1382 1389 1512 1455; x_wconf 83' lang='lat' dir='ltr'><strong>facetias</strong></span> 
     </span>
     <span class='ocr_line' id='line_1_14' title="bbox 188 1479 1510 1570; baseline 0.002 -23"><span class='ocrx_word' id='word_1_121' title='bbox 188 1479 222 1547; x_wconf 93' lang='lat' dir='ltr'><strong>in</strong></span> <span class='ocrx_word' id='word_1_122' title='bbox 251 1482 384 1546; x_wconf 91' lang='lat' dir='ltr'><strong>dicendo</strong></span> <span class='ocrx_word' id='word_1_123' title='bbox 414 1479 566 1568; x_wconf 87' lang='lat' dir='ltr'><strong>prodesse</strong></span> <span class='ocrx_word' id='word_1_124' title='bbox 597 1502 692 1564; x_wconf 90' lang='lat' dir='ltr'><strong>saepe</strong></span> <span class='ocrx_word' id='word_1_125' title='bbox 720 1490 753 1547; x_wconf 88' lang='lat' dir='ltr'><strong>ct</strong></span> <span class='ocrx_word' id='word_1_126' title='bbox 782 1504 835 1548; x_wconf 89' lang='lat' dir='ltr'><strong>eas</strong></span> <span class='ocrx_word' id='word_1_127' title='bbox 856 1495 924 1549; x_wconf 88' lang='lat' dir='ltr'><strong>arte</strong></span> <span class='ocrx_word' id='word_1_128' title='bbox 946 1487 1034 1551; x_wconf 92' lang='lat' dir='ltr'><strong>nullo</strong></span> <span class='ocrx_word' id='word_1_129' title='bbox 1059 1486 1154 1548; x_wconf 91' lang='lat' dir='ltr'><strong>modo</strong></span> <span class='ocrx_word' id='word_1_130' title='bbox 1177 1504 1270 1570; x_wconf 90' lang='lat' dir='ltr'><strong>posse</strong></span> <span class='ocrx_word' id='word_1_131' title='bbox 1291 1485 1385 1548; x_wconf 89' lang='lat' dir='ltr'><strong>tradi.</strong></span> <span class='ocrx_word' id='word_1_132' title='bbox 1430 1483 1510 1550; x_wconf 92' lang='lat' dir='ltr'><strong>Illud</strong></span> 
     </span>
     <span class='ocr_line' id='line_1_15' title="bbox 189 1572 1512 1660; baseline 0.003 -20"><span class='ocrx_word' id='word_1_133' title='bbox 189 1573 316 1660; x_wconf 89' lang='lat' dir='ltr'><strong>quidem</strong></span> <span class='ocrx_word' id='word_1_134' title='bbox 347 1574 502 1649; x_wconf 89' lang='lat' dir='ltr'><strong>admiror,</strong></span> <span class='ocrx_word' id='word_1_135' title='bbox 536 1584 567 1640; x_wconf 90' lang='lat' dir='ltr'><strong>te</strong></span> <span class='ocrx_word' id='word_1_136' title='bbox 595 1572 687 1639; x_wconf 91' lang='lat' dir='ltr'><strong>nobis</strong></span> <span class='ocrx_word' id='word_1_137' title='bbox 710 1576 743 1641; x_wconf 93' lang='lat' dir='ltr'><strong>in</strong></span> <span class='ocrx_word' id='word_1_138' title='bbox 765 1596 804 1642; x_wconf 92' lang='lat' dir='ltr'><strong>eo</strong></span> <span class='ocrx_word' id='word_1_139' title='bbox 826 1597 944 1660; x_wconf 79' lang='lat' dir='ltr'><strong>genere</strong></span> <span class='ocrx_word' id='word_1_140' title='bbox 966 1576 1114 1644; x_wconf 75' lang='lat' dir='ltr'><strong>tribuisse</strong></span> <span class='ocrx_word' id='word_1_141' title='bbox 1136 1585 1257 1643; x_wconf 88' lang='lat' dir='ltr'><strong>tantum</strong></span> <span class='ocrx_word' id='word_1_142' title='bbox 1279 1585 1311 1642; x_wconf 91' lang='lat' dir='ltr'><strong>et</strong></span> <span class='ocrx_word' id='word_1_143' title='bbox 1331 1599 1396 1643; x_wconf 92' lang='lat' dir='ltr'><strong>non</strong></span> <span class='ocrx_word' id='word_1_144' title='bbox 1418 1580 1512 1644; x_wconf 90' lang='lat' dir='ltr'><strong>buius</strong></span> 
     </span>
    </p>
   </div>
   <div class='ocr_carea' id='block_1_3' title="bbox 50 1669 1508 1762">
    <p class='ocr_par' dir='ltr' id='par_1_3' title="bbox 50 1669 1508 1762">
     <span class='ocr_line' id='line_1_16' title="bbox 50 1669 1508 1762; baseline 0.003 -30"><span class='ocrx_word' id='word_1_145' title='bbox 50 1757 52 1762; x_wconf 23' lang='grc' dir='ltr'>Ι</span> <span class='ocrx_word' id='word_1_146' title='bbox 151 1671 237 1734; x_wconf 76' lang='lat' dir='ltr'><strong>sirei</strong></span> <span class='ocrx_word' id='word_1_147' title='bbox 257 1688 385 1755; x_wconf 91' lang='lat' dir='ltr'><strong>quoqne</strong></span> <span class='ocrx_word' id='word_1_148' title='bbox 404 1669 538 1755; x_wconf 86' lang='lat' dir='ltr'><strong>palmam</strong></span> <span class='ocrx_word' id='word_1_149' title='bbox 559 1675 595 1734; x_wconf 92' lang='lat' dir='ltr'><strong>ut</strong></span> <span class='ocrx_word' id='word_1_150' title='bbox 615 1677 792 1734; x_wconf 88' lang='lat' dir='ltr'><strong>ceterarum</strong></span> <span class='ocrx_word' id='word_1_151' title='bbox 814 1672 926 1737; x_wconf 86' lang='lat' dir='ltr'><strong>Crasso</strong></span> <span class='ocrx_word' id='word_1_152' title='bbox 948 1672 1106 1739; x_wconf 88' lang='lat' dir='ltr'><strong>detulisse.</strong></span> <span class='ocrx_word' id='word_1_153' title='bbox 1151 1672 1225 1738; x_wconf 86' lang='grc'><strong>228.</strong></span> <span class='ocrx_word' id='word_1_154' title='bbox 1248 1676 1327 1737; x_wconf 90' lang='lat' dir='ltr'><strong>Tum</strong></span> <span class='ocrx_word' id='word_1_155' title='bbox 1341 1672 1508 1749; x_wconf 81' lang='lat' dir='ltr'><strong>Antonius,</strong></span> 
     </span>
    </p>
   </div>
   <div class='ocr_carea' id='block_1_4' title="bbox 85 1761 1514 3649">
    <p class='ocr_par' dir='ltr' id='par_1_4' title="bbox 85 1761 1514 3649">
     <span class='ocr_line' id='line_1_17' title="bbox 188 1761 1513 1852; baseline 0 -22"><span class='ocrx_word' id='word_1_156' title='bbox 188 1767 256 1847; x_wconf 77' lang='lat' dir='ltr'><strong>Ego</strong></span> <span class='ocrx_word' id='word_1_157' title='bbox 278 1783 354 1828; x_wconf 85' lang='lat' dir='ltr'><strong>vero</strong></span> <span class='ocrx_word' id='word_1_158' title='bbox 377 1764 420 1827; x_wconf 90' lang='lat' dir='ltr'><strong>ita</strong></span> <span class='ocrx_word' id='word_1_159' title='bbox 439 1761 600 1839; x_wconf 84' lang='lat' dir='ltr'><strong>iecissem,</strong></span> <span class='ocrx_word' id='word_1_160' title='bbox 624 1765 743 1849; x_wconf 89' lang='lat' dir='ltr'><strong>inquit,</strong></span> <span class='ocrx_word' id='word_1_161' title='bbox 770 1767 831 1830; x_wconf 91' lang='lat' dir='ltr'><strong>nisi</strong></span> <span class='ocrx_word' id='word_1_162' title='bbox 853 1765 1011 1832; x_wconf 91' lang='lat' dir='ltr'><strong>interdum</strong></span> <span class='ocrx_word' id='word_1_163' title='bbox 1031 1765 1064 1831; x_wconf 92' lang='lat' dir='ltr'><strong>in</strong></span> <span class='ocrx_word' id='word_1_164' title='bbox 1085 1767 1147 1831; x_wconf 93' lang='lat' dir='ltr'><strong>hoc</strong></span> <span class='ocrx_word' id='word_1_165' title='bbox 1169 1770 1281 1833; x_wconf 85' lang='lat' dir='ltr'><strong>Crasso</strong></span> <span class='ocrx_word' id='word_1_166' title='bbox 1303 1765 1441 1852; x_wconf 90' lang='lat' dir='ltr'><strong>paullum</strong></span> <span class='ocrx_word' id='word_1_167' title='bbox 1464 1767 1513 1830; x_wconf 92' lang='lat' dir='ltr'><strong>in-</strong></span> 
     </span>
     <span class='ocr_line' id='line_1_18' title="bbox 188 1855 1511 1946; baseline 0.002 -23"><span class='ocrx_word' id='word_1_168' title='bbox 188 1858 340 1923; x_wconf 86' lang='lat' dir='ltr'><strong>viderem.</strong></span> <span class='ocrx_word' id='word_1_169' title='bbox 383 1859 463 1922; x_wconf 90' lang='lat' dir='ltr'><strong>Nam</strong></span> <span class='ocrx_word' id='word_1_170' title='bbox 485 1878 553 1922; x_wconf 91' lang='lat' dir='ltr'><strong>esse</strong></span> <span class='ocrx_word' id='word_1_171' title='bbox 575 1860 718 1942; x_wconf 86' lang='lat' dir='ltr'><strong>quamvis</strong></span> <span class='ocrx_word' id='word_1_172' title='bbox 738 1855 875 1925; x_wconf 90' lang='lat' dir='ltr'><strong>facetum</strong></span> <span class='ocrx_word' id='word_1_173' title='bbox 896 1869 990 1946; x_wconf 91' lang='lat' dir='ltr'><strong>atque</strong></span> <span class='ocrx_word' id='word_1_174' title='bbox 1012 1859 1127 1926; x_wconf 89' lang='lat' dir='ltr'><strong>salsum</strong></span> <span class='ocrx_word' id='word_1_175' title='bbox 1149 1881 1215 1926; x_wconf 92' lang='lat' dir='ltr'><strong>non</strong></span> <span class='ocrx_word' id='word_1_176' title='bbox 1238 1859 1330 1925; x_wconf 90' lang='lat' dir='ltr'><strong>nimis</strong></span> <span class='ocrx_word' id='word_1_177' title='bbox 1345 1869 1392 1925; x_wconf 92' lang='lat' dir='ltr'><strong>est</strong></span> <span class='ocrx_word' id='word_1_178' title='bbox 1406 1880 1464 1946; x_wconf 91' lang='lat' dir='ltr'><strong>per</strong></span> <span class='ocrx_word' id='word_1_179' title='bbox 1478 1884 1511 1926; x_wconf 93' lang='lat' dir='ltr'><strong>se</strong></span> 
     </span>
     <span class='ocr_line' id='line_1_19' title="bbox 189 1950 1512 2038; baseline 0.001 -20"><span class='ocrx_word' id='word_1_180' title='bbox 189 1952 292 2038; x_wconf 89' lang='lat' dir='ltr'><strong>ipsum</strong></span> <span class='ocrx_word' id='word_1_181' title='bbox 312 1950 534 2030; x_wconf 80' lang='lat' dir='ltr'><strong>invidendum3</strong></span> <span class='ocrx_word' id='word_1_182' title='bbox 557 1954 631 2028; x_wconf 90' lang='lat' dir='ltr'><strong>sed,</strong></span> <span class='ocrx_word' id='word_1_183' title='bbox 654 1972 725 2017; x_wconf 93' lang='lat' dir='ltr'><strong>eum</strong></span> <span class='ocrx_word' id='word_1_184' title='bbox 749 1957 887 2021; x_wconf 91' lang='lat' dir='ltr'><strong>omnium</strong></span> <span class='ocrx_word' id='word_1_185' title='bbox 909 1956 951 2023; x_wconf 89' lang='lat' dir='ltr'><strong>sit</strong></span> <span class='ocrx_word' id='word_1_186' title='bbox 971 1953 1209 2021; x_wconf 87' lang='lat' dir='ltr'><strong>venustissimus</strong></span> <span class='ocrx_word' id='word_1_187' title='bbox 1230 1963 1261 2020; x_wconf 91' lang='lat' dir='ltr'><strong>et</strong></span> <span class='ocrx_word' id='word_1_188' title='bbox 1275 1951 1512 2031; x_wconf 88' lang='lat' dir='ltr'><strong>urbanissimus,</strong></span> 
     </span>
     <span class='ocr_line' id='line_1_20' title="bbox 190 2046 1513 2137; baseline 0.002 -23"><span class='ocrx_word' id='word_1_189' title='bbox 190 2047 329 2116; x_wconf 88' lang='lat' dir='ltr'><strong>omnium</strong></span> <span class='ocrx_word' id='word_1_190' title='bbox 351 2046 569 2132; x_wconf 79' lang='lat' dir='ltr'><strong>gravissimum</strong></span> <span class='ocrx_word' id='word_1_191' title='bbox 591 2057 622 2113; x_wconf 90' lang='lat' dir='ltr'><strong>et</strong></span> <span class='ocrx_word' id='word_1_192' title='bbox 643 2048 875 2116; x_wconf 82' lang='lat' dir='ltr'><strong>severissimam</strong></span> <span class='ocrx_word' id='word_1_193' title='bbox 896 2060 928 2116; x_wconf 93' lang='lat' dir='ltr'><strong>et</strong></span> <span class='ocrx_word' id='word_1_194' title='bbox 948 2069 1017 2117; x_wconf 89' lang='lat' dir='ltr'><strong>esse</strong></span> <span class='ocrx_word' id='word_1_195' title='bbox 1040 2060 1071 2115; x_wconf 94' lang='lat' dir='ltr'><strong>et</strong></span> <span class='ocrx_word' id='word_1_196' title='bbox 1093 2047 1209 2123; x_wconf 85' lang='lat' dir='ltr'><strong>videri,</strong></span> <span class='ocrx_word' id='word_1_197' title='bbox 1244 2052 1329 2137; x_wconf 88' lang='lat' dir='ltr'><strong>quod</strong></span> <span class='ocrx_word' id='word_1_198' title='bbox 1356 2051 1407 2115; x_wconf 91' lang='lat' dir='ltr'><strong>isti</strong></span> <span class='ocrx_word' id='word_1_199' title='bbox 1437 2070 1513 2116; x_wconf 91' lang='lat' dir='ltr'><strong>con-</strong></span> 
     </span>
     <span class='ocr_line' id='line_1_21' title="bbox 152 2140 1513 2231; baseline 0.003 -25"><span class='ocrx_word' id='word_1_200' title='bbox 152 2141 261 2227; x_wconf 75' lang='lat' dir='ltr'><strong>utigit</strong></span> <span class='ocrx_word' id='word_1_201' title='bbox 280 2140 353 2219; x_wconf 91' lang='lat' dir='ltr'><strong>uni,</strong></span> <span class='ocrx_word' id='word_1_202' title='bbox 376 2142 408 2207; x_wconf 93' lang='lat' dir='ltr'><strong>id</strong></span> <span class='ocrx_word' id='word_1_203' title='bbox 431 2142 507 2209; x_wconf 90' lang='lat' dir='ltr'><strong>mibi</strong></span> <span class='ocrx_word' id='word_1_204' title='bbox 527 2143 581 2210; x_wconf 86' lang='lat' dir='ltr'><strong>vix</strong></span> <span class='ocrx_word' id='word_1_205' title='bbox 602 2141 767 2210; x_wconf 88' lang='lat' dir='ltr'><strong>ferendum</strong></span> <span class='ocrx_word' id='word_1_206' title='bbox 788 2143 967 2211; x_wconf 81' lang='lat' dir='ltr'><strong>ridebatur.</strong></span> <span class='ocrx_word' id='word_1_207' title='bbox 1011 2146 1083 2212; x_wconf 85' lang='grc'><strong>229.</strong></span> <span class='ocrx_word' id='word_1_208' title='bbox 1105 2143 1165 2208; x_wconf 89' lang='lat' dir='ltr'><strong>Hic</strong></span> <span class='ocrx_word' id='word_1_209' title='bbox 1186 2165 1258 2209; x_wconf 93' lang='lat' dir='ltr'><strong>cnm</strong></span> <span class='ocrx_word' id='word_1_210' title='bbox 1277 2143 1433 2210; x_wconf 86' lang='lat' dir='ltr'><strong>arrisisset</strong></span> <span class='ocrx_word' id='word_1_211' title='bbox 1446 2143 1513 2231; x_wconf 92' lang='lat' dir='ltr'><strong>ipse</strong></span> 
     </span>
     <span class='ocr_line' id='line_1_22' title="bbox 191 2235 1511 2324; baseline -0.002 -20"><span class='ocrx_word' id='word_1_212' title='bbox 191 2239 336 2310; x_wconf 85' lang='lat' dir='ltr'><strong>Crassus,</strong></span> <span class='ocrx_word' id='word_1_213' title='bbox 371 2240 534 2314; x_wconf 79' lang='lat' dir='ltr'><strong>Attamen,</strong></span> <span class='ocrx_word' id='word_1_214' title='bbox 567 2238 669 2324; x_wconf 90' lang='lat' dir='ltr'><strong>inquit</strong></span> <span class='ocrx_word' id='word_1_215' title='bbox 689 2237 863 2317; x_wconf 83' lang='lat' dir='ltr'><strong>Antonias,</strong></span> <span class='ocrx_word' id='word_1_216' title='bbox 895 2259 966 2304; x_wconf 91' lang='lat' dir='ltr'><strong>cum</strong></span> <span class='ocrx_word' id='word_1_217' title='bbox 987 2245 1086 2303; x_wconf 91' lang='lat' dir='ltr'><strong>artem</strong></span> <span class='ocrx_word' id='word_1_218' title='bbox 1108 2258 1176 2303; x_wconf 87' lang='lat' dir='ltr'><strong>ease</strong></span> <span class='ocrx_word' id='word_1_219' title='bbox 1197 2235 1397 2312; x_wconf 83' lang='lat' dir='ltr'><strong>facetiarum,</strong></span> <span class='ocrx_word' id='word_1_220' title='bbox 1431 2238 1511 2315; x_wconf 90' lang='lat' dir='ltr'><strong>lali,</strong></span> 
     </span>
     <span class='ocr_line' id='line_1_23' title="bbox 189 2330 1514 2420; baseline -0.001 -21"><span class='ocrx_word' id='word_1_221' title='bbox 189 2331 287 2399; x_wconf 92' lang='lat' dir='ltr'><strong>ullam</strong></span> <span class='ocrx_word' id='word_1_222' title='bbox 308 2352 455 2417; x_wconf 75' lang='lat' dir='ltr'><strong>negares,</strong></span> <span class='ocrx_word' id='word_1_223' title='bbox 487 2333 636 2419; x_wconf 90' lang='lat' dir='ltr'><strong>aperuisti</strong></span> <span class='ocrx_word' id='word_1_224' title='bbox 658 2332 821 2419; x_wconf 86' lang='lat' dir='ltr'><strong>quiddam,</strong></span> <span class='ocrx_word' id='word_1_225' title='bbox 854 2332 941 2419; x_wconf 87' lang='lat' dir='ltr'><strong>qnod</strong></span> <span class='ocrx_word' id='word_1_226' title='bbox 961 2330 1215 2420; x_wconf 82' lang='lat' dir='ltr'><strong>praecipiendum</strong></span> <span class='ocrx_word' id='word_1_227' title='bbox 1236 2332 1407 2400; x_wconf 80' lang='lat' dir='ltr'><strong>videretur.</strong></span> <span class='ocrx_word' id='word_1_228' title='bbox 1450 2336 1514 2398; x_wconf 85' lang='lat' dir='ltr'><strong>lla·</strong></span> 
     </span>
     <span class='ocr_line' id='line_1_24' title="bbox 191 2425 1514 2514; baseline 0.002 -24"><span class='ocrx_word' id='word_1_229' title='bbox 191 2425 261 2491; x_wconf 91' lang='lat' dir='ltr'><strong>beri</strong></span> <span class='ocrx_word' id='word_1_230' title='bbox 281 2426 365 2492; x_wconf 93' lang='lat' dir='ltr'><strong>enim</strong></span> <span class='ocrx_word' id='word_1_231' title='bbox 387 2426 492 2494; x_wconf 87' lang='lat' dir='ltr'><strong>dixisti</strong></span> <span class='ocrx_word' id='word_1_232' title='bbox 512 2428 667 2492; x_wconf 88' lang='lat' dir='ltr'><strong>rationem</strong></span> <span class='ocrx_word' id='word_1_233' title='bbox 689 2435 837 2510; x_wconf 88' lang='lat' dir='ltr'><strong>oportere</strong></span> <span class='ocrx_word' id='word_1_234' title='bbox 858 2425 1039 2501; x_wconf 89' lang='lat' dir='ltr'><strong>hominum,</strong></span> <span class='ocrx_word' id='word_1_235' title='bbox 1073 2427 1138 2502; x_wconf 91' lang='lat' dir='ltr'><strong>rei,</strong></span> <span class='ocrx_word' id='word_1_236' title='bbox 1172 2425 1344 2509; x_wconf 88' lang='lat' dir='ltr'><strong>temporis,</strong></span> <span class='ocrx_word' id='word_1_237' title='bbox 1377 2426 1514 2514; x_wconf 91' lang='lat' dir='ltr'><strong>nequid</strong></span> 
     </span>
     <span class='ocr_line' id='line_1_25' title="bbox 190 2518 1512 2608; baseline 0.002 -25"><span class='ocrx_word' id='word_1_238' title='bbox 190 2521 278 2586; x_wconf 89' lang='lat' dir='ltr'><strong>incus</strong></span> <span class='ocrx_word' id='word_1_239' title='bbox 300 2524 340 2588; x_wconf 92' lang='lat' dir='ltr'><strong>de</strong></span> <span class='ocrx_word' id='word_1_240' title='bbox 361 2526 511 2605; x_wconf 79' lang='lat' dir='ltr'><strong>gravitate</strong></span> <span class='ocrx_word' id='word_1_241' title='bbox 534 2525 734 2605; x_wconf 72' lang='lat' dir='ltr'><strong>decerperet,</strong></span> <span class='ocrx_word' id='word_1_242' title='bbox 757 2523 991 2608; x_wconf 83' lang='lat' dir='ltr'><strong>quodquidam</strong></span> <span class='ocrx_word' id='word_1_243' title='bbox 1013 2518 1166 2607; x_wconf 90' lang='lat' dir='ltr'><strong>imprimis</strong></span> <span class='ocrx_word' id='word_1_244' title='bbox 1183 2541 1202 2585; x_wconf 91' lang='lat' dir='ltr'><strong>a</strong></span> <span class='ocrx_word' id='word_1_245' title='bbox 1218 2521 1328 2586; x_wconf 87' lang='lat' dir='ltr'><strong>Crasso</strong></span> <span class='ocrx_word' id='word_1_246' title='bbox 1350 2518 1512 2588; x_wconf 85' lang='lat' dir='ltr'><strong>observari</strong></span> 
     </span>
     <span class='ocr_line' id='line_1_26' title="bbox 153 2614 1513 2703; baseline 0.002 -25"><span class='ocrx_word' id='word_1_247' title='bbox 153 2634 181 2677; x_wconf 81' lang='grc'><strong>11</strong></span> <span class='ocrx_word' id='word_1_248' title='bbox 191 2618 282 2680; x_wconf 90' lang='lat' dir='ltr'><strong>solet.</strong></span> <span class='ocrx_word' id='word_1_249' title='bbox 328 2614 390 2681; x_wconf 88' lang='lat' dir='ltr'><strong>Sed</strong></span> <span class='ocrx_word' id='word_1_250' title='bbox 412 2616 472 2682; x_wconf 90' lang='lat' dir='ltr'><strong>hoe</strong></span> <span class='ocrx_word' id='word_1_251' title='bbox 492 2624 694 2703; x_wconf 86' lang='lat' dir='ltr'><strong>praeceptum</strong></span> <span class='ocrx_word' id='word_1_252' title='bbox 714 2615 1061 2702; x_wconf 88' lang='lat' dir='ltr'><strong>praetermittendarum</strong></span> <span class='ocrx_word' id='word_1_253' title='bbox 1086 2624 1134 2681; x_wconf 87' lang='lat' dir='ltr'><strong>est</strong></span> <span class='ocrx_word' id='word_1_254' title='bbox 1154 2614 1356 2691; x_wconf 78' lang='lat' dir='ltr'><strong>facetiarum,</strong></span> <span class='ocrx_word' id='word_1_255' title='bbox 1379 2636 1450 2681; x_wconf 91' lang='lat' dir='ltr'><strong>cum</strong></span> <span class='ocrx_word' id='word_1_256' title='bbox 1474 2616 1513 2681; x_wconf 91' lang='lat' dir='ltr'><strong>iis</strong></span> 
     </span>
     <span class='ocr_line' id='line_1_27' title="bbox 85 2709 1511 2796; baseline 0.001 -22"><span class='ocrx_word' id='word_1_257' title='bbox 85 2765 94 2789; x_wconf 85' lang='grc'>,</span> <span class='ocrx_word' id='word_1_258' title='bbox 191 2709 269 2775; x_wconf 89' lang='lat' dir='ltr'><strong>nibil</strong></span> <span class='ocrx_word' id='word_1_259' title='bbox 291 2732 370 2796; x_wconf 93' lang='lat' dir='ltr'><strong>opus</strong></span> <span class='ocrx_word' id='word_1_260' title='bbox 391 2711 440 2776; x_wconf 89' lang='lat' dir='ltr'><strong>sit</strong></span> <span class='ocrx_word' id='word_1_261' title='bbox 483 2715 548 2776; x_wconf 90' lang='lat' dir='ltr'><strong>Nos</strong></span> <span class='ocrx_word' id='word_1_262' title='bbox 570 2719 674 2776; x_wconf 91' lang='lat' dir='ltr'><strong>antem</strong></span> <span class='ocrx_word' id='word_1_263' title='bbox 696 2714 857 2796; x_wconf 92' lang='lat' dir='ltr'><strong>quomodo</strong></span> <span class='ocrx_word' id='word_1_264' title='bbox 877 2719 1018 2788; x_wconf 89' lang='lat' dir='ltr'><strong>utamur,</strong></span> <span class='ocrx_word' id='word_1_265' title='bbox 1042 2733 1115 2777; x_wconf 93' lang='lat' dir='ltr'><strong>cnm</strong></span> <span class='ocrx_word' id='word_1_266' title='bbox 1137 2732 1216 2795; x_wconf 92' lang='lat' dir='ltr'><strong>opus</strong></span> <span class='ocrx_word' id='word_1_267' title='bbox 1239 2710 1293 2785; x_wconf 91' lang='lat' dir='ltr'><strong>sit,</strong></span> <span class='ocrx_word' id='word_1_268' title='bbox 1317 2711 1511 2796; x_wconf 91' lang='lat' dir='ltr'><strong>quaerimus,</strong></span> 
     </span>
     <span class='ocr_line' id='line_1_28' title="bbox 191 2805 1513 2892; baseline -0.001 -22"><span class='ocrx_word' id='word_1_269' title='bbox 191 2812 227 2870; x_wconf 93' lang='lat' dir='ltr'><strong>ut</strong></span> <span class='ocrx_word' id='word_1_270' title='bbox 247 2807 279 2869; x_wconf 92' lang='lat' dir='ltr'><strong>in</strong></span> <span class='ocrx_word' id='word_1_271' title='bbox 302 2805 514 2872; x_wconf 84' lang='lat' dir='ltr'><strong>adversarium</strong></span> <span class='ocrx_word' id='word_1_272' title='bbox 536 2814 568 2871; x_wconf 93' lang='lat' dir='ltr'><strong>et</strong></span> <span class='ocrx_word' id='word_1_273' title='bbox 588 2805 739 2881; x_wconf 83' lang='lat' dir='ltr'><strong>maxime,</strong></span> <span class='ocrx_word' id='word_1_274' title='bbox 762 2805 789 2871; x_wconf 91' lang='lat' dir='ltr'><strong>si</strong></span> <span class='ocrx_word' id='word_1_275' title='bbox 811 2807 879 2871; x_wconf 92' lang='lat' dir='ltr'><strong>eius</strong></span> <span class='ocrx_word' id='word_1_276' title='bbox 900 2805 1029 2871; x_wconf 89' lang='lat' dir='ltr'><strong>stultitia</strong></span> <span class='ocrx_word' id='word_1_277' title='bbox 1045 2807 1161 2892; x_wconf 89' lang='lat' dir='ltr'><strong>poterit</strong></span> <span class='ocrx_word' id='word_1_278' title='bbox 1182 2806 1314 2889; x_wconf 78' lang='lat' dir='ltr'><strong>agitari,</strong></span> <span class='ocrx_word' id='word_1_279' title='bbox 1347 2808 1380 2870; x_wconf 91' lang='lat' dir='ltr'><strong>in</strong></span> <span class='ocrx_word' id='word_1_280' title='bbox 1403 2812 1513 2871; x_wconf 89' lang='lat' dir='ltr'><strong>testem</strong></span> 
     </span>
     <span class='ocr_line' id='line_1_29' title="bbox 190 2897 1509 2985; baseline 0.002 -22"><span class='ocrx_word' id='word_1_281' title='bbox 190 2897 337 2975; x_wconf 87' lang='lat' dir='ltr'><strong>stultum,</strong></span> <span class='ocrx_word' id='word_1_282' title='bbox 362 2899 527 2985; x_wconf 89' lang='lat' dir='ltr'><strong>cupidum,</strong></span> <span class='ocrx_word' id='word_1_283' title='bbox 549 2902 673 2975; x_wconf 84' lang='lat' dir='ltr'><strong>levem,</strong></span> <span class='ocrx_word' id='word_1_284' title='bbox 706 2901 732 2962; x_wconf 91' lang='lat' dir='ltr'><strong>si</strong></span> <span class='ocrx_word' id='word_1_285' title='bbox 754 2898 846 2964; x_wconf 89' lang='lat' dir='ltr'><strong>facile</strong></span> <span class='ocrx_word' id='word_1_286' title='bbox 867 2901 1011 2965; x_wconf 91' lang='lat' dir='ltr'><strong>homines</strong></span> <span class='ocrx_word' id='word_1_287' title='bbox 1033 2902 1169 2965; x_wconf 89' lang='lat' dir='ltr'><strong>audituri</strong></span> <span class='ocrx_word' id='word_1_288' title='bbox 1190 2902 1391 2965; x_wconf 82' lang='lat' dir='ltr'><strong>videbuntur.</strong></span> <span class='ocrx_word' id='word_1_289' title='bbox 1437 2903 1509 2966; x_wconf 85' lang='grc'><strong>230.</strong></span> 
     </span>
     <span class='ocr_line' id='line_1_30' title="bbox 192 2991 1510 3080; baseline 0.001 -22"><span class='ocrx_word' id='word_1_290' title='bbox 192 2991 327 3058; x_wconf 89' lang='lat' dir='ltr'><strong>Omnino</strong></span> <span class='ocrx_word' id='word_1_291' title='bbox 350 2992 563 3079; x_wconf 88' lang='lat' dir='ltr'><strong>probabiliora</strong></span> <span class='ocrx_word' id='word_1_292' title='bbox 584 3001 672 3070; x_wconf 88' lang='lat' dir='ltr'><strong>sunt,</strong></span> <span class='ocrx_word' id='word_1_293' title='bbox 707 3015 787 3077; x_wconf 90' lang='lat' dir='ltr'><strong>quae</strong></span> <span class='ocrx_word' id='word_1_294' title='bbox 809 2992 943 3058; x_wconf 88' lang='lat' dir='ltr'><strong>lacessiti</strong></span> <span class='ocrx_word' id='word_1_295' title='bbox 969 2996 1120 3070; x_wconf 90' lang='lat' dir='ltr'><strong>dicimus,</strong></span> <span class='ocrx_word' id='word_1_296' title='bbox 1155 3014 1248 3080; x_wconf 91' lang='lat' dir='ltr'><strong>quam</strong></span> <span class='ocrx_word' id='word_1_297' title='bbox 1273 3015 1353 3077; x_wconf 92' lang='lat' dir='ltr'><strong>quae</strong></span> <span class='ocrx_word' id='word_1_298' title='bbox 1376 2995 1510 3080; x_wconf 88' lang='lat' dir='ltr'><strong>priores.</strong></span> 
     </span>
     <span class='ocr_line' id='line_1_31' title="bbox 154 3086 1514 3175; baseline 0.002 -26"><span class='ocrx_word' id='word_1_299' title='bbox 154 3107 182 3149; x_wconf 83' lang='grc'><strong>11</strong></span> <span class='ocrx_word' id='word_1_300' title='bbox 191 3091 270 3152; x_wconf 91' lang='lat' dir='ltr'><strong>Nam</strong></span> <span class='ocrx_word' id='word_1_301' title='bbox 291 3095 324 3152; x_wconf 93' lang='lat' dir='ltr'><strong>et</strong></span> <span class='ocrx_word' id='word_1_302' title='bbox 344 3087 461 3175; x_wconf 77' lang='lat' dir='ltr'><strong>ingenii</strong></span> <span class='ocrx_word' id='word_1_303' title='bbox 483 3089 626 3154; x_wconf 90' lang='lat' dir='ltr'><strong>celeritas</strong></span> <span class='ocrx_word' id='word_1_304' title='bbox 655 3088 758 3153; x_wconf 91' lang='lat' dir='ltr'><strong>maior</strong></span> <span class='ocrx_word' id='word_1_305' title='bbox 789 3096 853 3165; x_wconf 89' lang='lat' dir='ltr'><strong>est,</strong></span> <span class='ocrx_word' id='word_1_306' title='bbox 888 3109 969 3174; x_wconf 91' lang='lat' dir='ltr'><strong>quae</strong></span> <span class='ocrx_word' id='word_1_307' title='bbox 997 3097 1125 3174; x_wconf 90' lang='lat' dir='ltr'><strong>apparet</strong></span> <span class='ocrx_word' id='word_1_308' title='bbox 1151 3087 1185 3152; x_wconf 91' lang='lat' dir='ltr'><strong>in</strong></span> <span class='ocrx_word' id='word_1_309' title='bbox 1213 3086 1449 3174; x_wconf 84' lang='lat' dir='ltr'><strong>respondendo,</strong></span> <span class='ocrx_word' id='word_1_310' title='bbox 1483 3096 1514 3152; x_wconf 91' lang='lat' dir='ltr'><strong>et</strong></span> 
     </span>
     <span class='ocr_line' id='line_1_32' title="bbox 191 3180 1511 3268; baseline 0 -22"><span class='ocrx_word' id='word_1_311' title='bbox 191 3180 391 3248; x_wconf 89' lang='lat' dir='ltr'><strong>humanitatis</strong></span> <span class='ocrx_word' id='word_1_312' title='bbox 414 3193 461 3248; x_wconf 91' lang='lat' dir='ltr'><strong>est</strong></span> <span class='ocrx_word' id='word_1_313' title='bbox 482 3185 658 3266; x_wconf 88' lang='lat' dir='ltr'><strong>responsio.</strong></span> <span class='ocrx_word' id='word_1_314' title='bbox 702 3184 853 3248; x_wconf 89' lang='lat' dir='ltr'><strong>Vidcmnr</strong></span> <span class='ocrx_word' id='word_1_315' title='bbox 874 3185 957 3247; x_wconf 91' lang='lat' dir='ltr'><strong>enim</strong></span> <span class='ocrx_word' id='word_1_316' title='bbox 979 3182 1116 3268; x_wconf 90' lang='lat' dir='ltr'><strong>quieturi</strong></span> <span class='ocrx_word' id='word_1_317' title='bbox 1136 3181 1253 3261; x_wconf 88' lang='lat' dir='ltr'><strong>fuisse,</strong></span> <span class='ocrx_word' id='word_1_318' title='bbox 1289 3184 1348 3246; x_wconf 91' lang='lat' dir='ltr'><strong>nisi</strong></span> <span class='ocrx_word' id='word_1_319' title='bbox 1371 3202 1511 3246; x_wconf 91' lang='lat' dir='ltr'><strong>essemus</strong></span> 
     </span>
     <span class='ocr_line' id='line_1_33' title="bbox 190 3274 1511 3363; baseline 0 -22"><span class='ocrx_word' id='word_1_320' title='bbox 190 3275 344 3354; x_wconf 90' lang='lat' dir='ltr'><strong>lacessiti,</strong></span> <span class='ocrx_word' id='word_1_321' title='bbox 381 3286 416 3343; x_wconf 93' lang='lat' dir='ltr'><strong>ut</strong></span> <span class='ocrx_word' id='word_1_322' title='bbox 443 3281 476 3343; x_wconf 90' lang='lat' dir='ltr'><strong>in</strong></span> <span class='ocrx_word' id='word_1_323' title='bbox 502 3281 561 3344; x_wconf 91' lang='lat' dir='ltr'><strong>ista</strong></span> <span class='ocrx_word' id='word_1_324' title='bbox 587 3281 654 3363; x_wconf 89' lang='lat' dir='ltr'><strong>ipsa</strong></span> <span class='ocrx_word' id='word_1_325' title='bbox 684 3280 831 3344; x_wconf 89' lang='lat' dir='ltr'><strong>contione</strong></span> <span class='ocrx_word' id='word_1_326' title='bbox 852 3277 930 3343; x_wconf 88' lang='lat' dir='ltr'><strong>nihil</strong></span> <span class='ocrx_word' id='word_1_327' title='bbox 951 3276 1018 3344; x_wconf 88' lang='lat' dir='ltr'><strong>fere</strong></span> <span class='ocrx_word' id='word_1_328' title='bbox 1040 3276 1156 3344; x_wconf 91' lang='lat' dir='ltr'><strong>dictum</strong></span> <span class='ocrx_word' id='word_1_329' title='bbox 1179 3286 1227 3342; x_wconf 91' lang='lat' dir='ltr'><strong>est</strong></span> <span class='ocrx_word' id='word_1_330' title='bbox 1248 3274 1287 3342; x_wconf 90' lang='lat' dir='ltr'><strong>ab</strong></span> <span class='ocrx_word' id='word_1_331' title='bbox 1310 3280 1388 3352; x_wconf 90' lang='lat' dir='ltr'><strong>hoe,</strong></span> <span class='ocrx_word' id='word_1_332' title='bbox 1425 3275 1511 3360; x_wconf 90' lang='lat' dir='ltr'><strong>qnod</strong></span> 
     </span>
     <span class='ocr_line' id='line_1_34' title="bbox 192 3370 1510 3457; baseline -0.001 -21"><span class='ocrx_word' id='word_1_333' title='bbox 192 3370 321 3457; x_wconf 88' lang='lat' dir='ltr'><strong>quidem</strong></span> <span class='ocrx_word' id='word_1_334' title='bbox 351 3371 484 3439; x_wconf 87' lang='lat' dir='ltr'><strong>facetius</strong></span> <span class='ocrx_word' id='word_1_335' title='bbox 513 3373 630 3439; x_wconf 89' lang='lat' dir='ltr'><strong>dictum</strong></span> <span class='ocrx_word' id='word_1_336' title='bbox 662 3372 838 3449; x_wconf 88' lang='lat' dir='ltr'><strong>videretur,</strong></span> <span class='ocrx_word' id='word_1_337' title='bbox 873 3375 956 3457; x_wconf 93' lang='lat' dir='ltr'><strong>quod</strong></span> <span class='ocrx_word' id='word_1_338' title='bbox 986 3391 1050 3437; x_wconf 89' lang='lat' dir='ltr'><strong>non</strong></span> <span class='ocrx_word' id='word_1_339' title='bbox 1079 3381 1267 3455; x_wconf 86' lang='lat' dir='ltr'><strong>provocatus</strong></span> <span class='ocrx_word' id='word_1_340' title='bbox 1298 3370 1510 3454; x_wconf 88' lang='lat' dir='ltr'><strong>responderit.</strong></span> 
     </span>
     <span class='ocr_line' id='line_1_35' title="bbox 191 3464 1513 3552; baseline 0 -24"><span class='ocrx_word' id='word_1_341' title='bbox 191 3468 267 3529; x_wconf 88' lang='lat' dir='ltr'><strong>Erat</strong></span> <span class='ocrx_word' id='word_1_342' title='bbox 289 3472 393 3530; x_wconf 92' lang='lat' dir='ltr'><strong>autem</strong></span> <span class='ocrx_word' id='word_1_343' title='bbox 414 3474 500 3533; x_wconf 89' lang='lat' dir='ltr'><strong>tanta</strong></span> <span class='ocrx_word' id='word_1_344' title='bbox 521 3470 553 3531; x_wconf 93' lang='lat' dir='ltr'><strong>in</strong></span> <span class='ocrx_word' id='word_1_345' title='bbox 573 3468 711 3532; x_wconf 91' lang='lat' dir='ltr'><strong>Domitio</strong></span> <span class='ocrx_word' id='word_1_346' title='bbox 735 3469 886 3551; x_wconf 83' lang='lat' dir='ltr'><strong>gravitas,</strong></span> <span class='ocrx_word' id='word_1_347' title='bbox 916 3474 1001 3532; x_wconf 91' lang='lat' dir='ltr'><strong>tanta</strong></span> <span class='ocrx_word' id='word_1_348' title='bbox 1022 3468 1210 3542; x_wconf 88' lang='lat' dir='ltr'><strong>auctoritas,</strong></span> <span class='ocrx_word' id='word_1_349' title='bbox 1239 3474 1292 3542; x_wconf 92' lang='lat' dir='ltr'><strong>ut,</strong></span> <span class='ocrx_word' id='word_1_350' title='bbox 1324 3464 1409 3552; x_wconf 90' lang='lat' dir='ltr'><strong>quod</strong></span> <span class='ocrx_word' id='word_1_351' title='bbox 1432 3473 1513 3530; x_wconf 88' lang='lat' dir='ltr'><strong>esset</strong></span> 
     </span>
     <span class='ocr_line' id='line_1_36' title="bbox 154 3557 1514 3649; baseline 0 -25"><span class='ocrx_word' id='word_1_352' title='bbox 154 3557 233 3627; x_wconf 79' lang='lat' dir='ltr'><strong>asab</strong></span> <span class='ocrx_word' id='word_1_353' title='bbox 255 3579 295 3626; x_wconf 93' lang='lat' dir='ltr'><strong>eo</strong></span> <span class='ocrx_word' id='word_1_354' title='bbox 316 3562 493 3639; x_wconf 89' lang='lat' dir='ltr'><strong>obiectam,</strong></span> <span class='ocrx_word' id='word_1_355' title='bbox 517 3561 625 3648; x_wconf 90' lang='lat' dir='ltr'><strong>lepore</strong></span> <span class='ocrx_word' id='word_1_356' title='bbox 646 3559 743 3646; x_wconf 78' lang='lat' dir='ltr'><strong>magis</strong></span> <span class='ocrx_word' id='word_1_357' title='bbox 764 3564 950 3628; x_wconf 84' lang='lat' dir='ltr'><strong>elevandum</strong></span> <span class='ocrx_word' id='word_1_358' title='bbox 973 3582 1066 3649; x_wconf 89' lang='lat' dir='ltr'><strong>quam</strong></span> <span class='ocrx_word' id='word_1_359' title='bbox 1088 3565 1287 3627; x_wconf 89' lang='lat' dir='ltr'><strong>contentione</strong></span> <span class='ocrx_word' id='word_1_360' title='bbox 1306 3558 1514 3645; x_wconf 80' lang='lat' dir='ltr'><strong>frangendum</strong></span> 
     </span>
    </p>
   </div>
   <div class='ocr_carea' id='block_1_5' title="bbox 193 3863 1514 4922">
    <p class='ocr_par' dir='ltr' id='par_1_5' title="bbox 193 3863 1514 4922">
     <span class='ocr_line' id='line_1_37' title="bbox 263 3863 1513 3930; baseline -0.002 -13"><span class='ocrx_word' id='word_1_361' title='bbox 263 3868 290 3917; x_wconf 90' lang='lat'><strong>1.</strong></span> <span class='ocrx_word' id='word_1_362' title='bbox 309 3867 444 3930; x_wconf 82' lang='lat' dir='ltr'><strong>reliquisse</strong></span> <span class='ocrx_word' id='word_1_363' title='bbox 460 3865 540 3917; x_wconf 81' lang='grc' dir='ltr'><strong>ΑΒΕ.</strong></span> <span class='ocrx_word' id='word_1_364' title='bbox 560 3892 590 3904; x_wconf 97' lang='grc'><strong>-</strong></span> <span class='ocrx_word' id='word_1_365' title='bbox 608 3868 736 3917; x_wconf 83' lang='lat' dir='ltr'><strong>militarie</strong></span> <span class='ocrx_word' id='word_1_366' title='bbox 752 3867 818 3929; x_wconf 80' lang='grc' dir='ltr'><strong>ΑΒ,</strong></span> <span class='ocrx_word' id='word_1_367' title='bbox 837 3865 980 3930; x_wconf 69' lang='lat' dir='ltr'><strong>familiaris</strong></span> <span class='ocrx_word' id='word_1_368' title='bbox 997 3865 1029 3915; x_wconf 85' lang='lat' dir='ltr'><strong>li.</strong></span> <span class='ocrx_word' id='word_1_369' title='bbox 1049 3888 1081 3900; x_wconf 96' lang='lat'>-</span> <span class='ocrx_word' id='word_1_370' title='bbox 1105 3865 1131 3916; x_wconf 77' lang='grc'><strong>3.</strong></span> <span class='ocrx_word' id='word_1_371' title='bbox 1152 3863 1194 3930; x_wconf 88' lang='grc'><strong>11]</strong></span> <span class='ocrx_word' id='word_1_372' title='bbox 1215 3872 1239 3917; x_wconf 88' lang='lat' dir='ltr'><strong>et</strong></span> <span class='ocrx_word' id='word_1_373' title='bbox 1255 3865 1288 3918; x_wconf 83' lang='lat' dir='ltr'><strong>li.</strong></span> <span class='ocrx_word' id='word_1_374' title='bbox 1309 3886 1342 3902; x_wconf 93' lang='lat'>-</span> <span class='ocrx_word' id='word_1_375' title='bbox 1362 3877 1462 3915; x_wconf 81' lang='lat' dir='ltr'><strong>omnem</strong></span> <span class='ocrx_word' id='word_1_376' title='bbox 1480 3863 1513 3914; x_wconf 88' lang='lat' dir='ltr'><strong>B.</strong></span> 
     </span>
     <span class='ocr_line' id='line_1_38' title="bbox 197 3935 1512 4002; baseline -0.002 -15"><span class='ocrx_word' id='word_1_377' title='bbox 197 3965 227 3978; x_wconf 91' lang='lat'>-</span> <span class='ocrx_word' id='word_1_378' title='bbox 247 3937 466 4002; x_wconf 67' lang='grc'><strong>11111111,</strong></span> <span class='ocrx_word' id='word_1_379' title='bbox 487 3939 562 3987; x_wconf 82' lang='lat' dir='ltr'><strong>tutu</strong></span> <span class='ocrx_word' id='word_1_380' title='bbox 579 3938 643 3989; x_wconf 88' lang='lat' dir='ltr'><strong>urbe</strong></span> <span class='ocrx_word' id='word_1_381' title='bbox 660 3951 713 3988; x_wconf 89' lang='lat' dir='ltr'><strong>om.</strong></span> <span class='ocrx_word' id='word_1_382' title='bbox 733 3938 798 3999; x_wconf 74' lang='lat' dir='ltr'><strong>AB,</strong></span> <span class='ocrx_word' id='word_1_383' title='bbox 818 3944 848 3988; x_wconf 89' lang='lat' dir='ltr'><strong>tu</strong></span> <span class='ocrx_word' id='word_1_384' title='bbox 864 3961 876 3972; x_wconf 92' lang='lat'>·</span> <span class='ocrx_word' id='word_1_385' title='bbox 892 3961 903 3972; x_wconf 94' lang='lat'>·</span> <span class='ocrx_word' id='word_1_386' title='bbox 920 3937 1076 3999; x_wconf 78' lang='lat' dir='ltr'><strong>corupeetui</strong></span> <span class='ocrx_word' id='word_1_387' title='bbox 1106 3942 1136 3986; x_wconf 88' lang='lat' dir='ltr'><strong>tu</strong></span> <span class='ocrx_word' id='word_1_388' title='bbox 1152 3939 1182 3987; x_wconf 82' lang='lat' dir='ltr'><strong>ia</strong></span> <span class='ocrx_word' id='word_1_389' title='bbox 1199 3935 1276 4000; x_wconf 69' lang='lat' dir='ltr'><strong>foro:</strong></span> <span class='ocrx_word' id='word_1_390' title='bbox 1305 3943 1335 3987; x_wconf 91' lang='lat' dir='ltr'><strong>tu</strong></span> <span class='ocrx_word' id='word_1_391' title='bbox 1352 3938 1382 3986; x_wconf 86' lang='lat' dir='ltr'><strong>im</strong></span> <span class='ocrx_word' id='word_1_392' title='bbox 1398 3936 1462 3986; x_wconf 74' lang='lat' dir='ltr'><strong>terte</strong></span> <span class='ocrx_word' id='word_1_393' title='bbox 1480 3936 1512 3984; x_wconf 88' lang='lat' dir='ltr'><strong>R.</strong></span> 
     </span>
     <span class='ocr_line' id='line_1_39' title="bbox 197 4005 1514 4073; baseline -0.004 -15"><span class='ocrx_word' id='word_1_394' title='bbox 197 4035 225 4047; x_wconf 94' lang='lat'><em>-</em></span> <span class='ocrx_word' id='word_1_395' title='bbox 248 4008 275 4061; x_wconf 85' lang='lat'><strong>7.</strong></span> <span class='ocrx_word' id='word_1_396' title='bbox 296 4020 329 4059; x_wconf 85' lang='lat' dir='ltr'><strong>ue</strong></span> <span class='ocrx_word' id='word_1_397' title='bbox 346 4009 376 4056; x_wconf 86' lang='lat' dir='ltr'><strong>iu</strong></span> <span class='ocrx_word' id='word_1_398' title='bbox 393 4007 551 4059; x_wconf 79' lang='lat' dir='ltr'><strong>collocandis</strong></span> <span class='ocrx_word' id='word_1_399' title='bbox 568 4007 609 4065; x_wconf 87' lang='grc'><strong>11,</strong></span> <span class='ocrx_word' id='word_1_400' title='bbox 638 4022 670 4058; x_wconf 85' lang='lat' dir='ltr'><strong>ue</strong></span> <span class='ocrx_word' id='word_1_401' title='bbox 688 4009 876 4073; x_wconf 80' lang='lat' dir='ltr'><strong>ecmiuuqeudis</strong></span> <span class='ocrx_word' id='word_1_402' title='bbox 893 4006 949 4057; x_wconf 81' lang='grc' dir='ltr'><strong>ΑΒ.</strong></span> <span class='ocrx_word' id='word_1_403' title='bbox 974 4033 1007 4042; x_wconf 95' lang='grc'>-</span> <span class='ocrx_word' id='word_1_404' title='bbox 1037 4005 1141 4071; x_wconf 88' lang='lat' dir='ltr'><strong>quidem</strong></span> <span class='ocrx_word' id='word_1_405' title='bbox 1159 4022 1213 4059; x_wconf 90' lang='lat' dir='ltr'><strong>om.</strong></span> <span class='ocrx_word' id='word_1_406' title='bbox 1232 4008 1287 4057; x_wconf 79' lang='grc' dir='ltr'><strong>ΑΕ.</strong></span> <span class='ocrx_word' id='word_1_407' title='bbox 1319 4031 1348 4043; x_wconf 90' lang='lat'><strong>-·</strong></span> <span class='ocrx_word' id='word_1_408' title='bbox 1378 4006 1404 4056; x_wconf 87' lang='grc'><strong>8.</strong></span> <span class='ocrx_word' id='word_1_409' title='bbox 1430 4007 1514 4055; x_wconf 88' lang='lat' dir='ltr'><strong>locum</strong></span> 
     </span>
     <span class='ocr_line' id='line_1_40' title="bbox 194 4076 1514 4141; baseline -0.003 -12"><span class='ocrx_word' id='word_1_410' title='bbox 194 4079 279 4129; x_wconf 88' lang='lat' dir='ltr'><strong>ullum</strong></span> <span class='ocrx_word' id='word_1_411' title='bbox 296 4078 342 4128; x_wconf 76' lang='lat' dir='ltr'><strong>AB</strong></span> <span class='ocrx_word' id='word_1_412' title='bbox 360 4078 476 4141; x_wconf 78' lang='lat' dir='ltr'><strong>altique:</strong></span> <span class='ocrx_word' id='word_1_413' title='bbox 495 4079 576 4128; x_wconf 91' lang='lat' dir='ltr'><strong>ulium</strong></span> <span class='ocrx_word' id='word_1_414' title='bbox 596 4079 681 4127; x_wconf 88' lang='lat' dir='ltr'><strong>locum</strong></span> <span class='ocrx_word' id='word_1_415' title='bbox 699 4080 756 4129; x_wconf 84' lang='lat' dir='ltr'><strong>RE.</strong></span> <span class='ocrx_word' id='word_1_416' title='bbox 777 4103 808 4117; x_wconf 90' lang='lat'>-</span> <span class='ocrx_word' id='word_1_417' title='bbox 836 4080 863 4130; x_wconf 85' lang='lat' dir='ltr'><strong>a.</strong></span> <span class='ocrx_word' id='word_1_418' title='bbox 883 4084 930 4128; x_wconf 90' lang='lat' dir='ltr'><strong>aut</strong></span> <span class='ocrx_word' id='word_1_419' title='bbox 947 4092 979 4128; x_wconf 79' lang='grc'><strong>11</strong></span> <span class='ocrx_word' id='word_1_420' title='bbox 994 4091 1050 4127; x_wconf 87' lang='lat' dir='ltr'><strong>uua</strong></span> <span class='ocrx_word' id='word_1_421' title='bbox 1069 4076 1110 4135; x_wconf 77' lang='grc' dir='ltr'><strong>Α,</strong></span> <span class='ocrx_word' id='word_1_422' title='bbox 1133 4093 1189 4129; x_wconf 84' lang='lat' dir='ltr'><strong>uua</strong></span> <span class='ocrx_word' id='word_1_423' title='bbox 1207 4092 1258 4129; x_wconf 88' lang='lat' dir='ltr'><strong>orn.</strong></span> <span class='ocrx_word' id='word_1_424' title='bbox 1278 4079 1311 4127; x_wconf 79' lang='lat' dir='ltr'><strong>lt.</strong></span> <span class='ocrx_word' id='word_1_425' title='bbox 1332 4103 1364 4113; x_wconf 92' lang='lat'>-</span> <span class='ocrx_word' id='word_1_426' title='bbox 1394 4079 1514 4126; x_wconf 85' lang='lat' dir='ltr'><strong>continue</strong></span> 
     </span>
     <span class='ocr_line' id='line_1_41' title="bbox 196 4147 1511 4211; baseline -0.005 -10"><span class='ocrx_word' id='word_1_427' title='bbox 196 4149 280 4201; x_wconf 84' lang='lat' dir='ltr'><strong>Codd.</strong></span> <span class='ocrx_word' id='word_1_428' title='bbox 301 4149 355 4206; x_wconf 86' lang='grc'><strong>11..</strong></span> <span class='ocrx_word' id='word_1_429' title='bbox 375 4149 417 4198; x_wconf 85' lang='lat' dir='ltr'><strong>tt:</strong></span> <span class='ocrx_word' id='word_1_430' title='bbox 437 4150 602 4198; x_wconf 79' lang='lat' dir='ltr'><strong>contemtione</strong></span> <span class='ocrx_word' id='word_1_431' title='bbox 620 4147 674 4209; x_wconf 83' lang='lat' dir='ltr'><strong>(ltu</strong></span> <span class='ocrx_word' id='word_1_432' title='bbox 683 4148 706 4211; x_wconf 82' lang='grc'><strong>1)</strong></span> <span class='ocrx_word' id='word_1_433' title='bbox 725 4150 755 4200; x_wconf 85' lang='lat' dir='ltr'><strong>li.</strong></span> <span class='ocrx_word' id='word_1_434' title='bbox 772 4176 800 4189; x_wconf 91' lang='lat'>-</span> <span class='ocrx_word' id='word_1_435' title='bbox 821 4151 864 4200; x_wconf 89' lang='lat'><strong>10.</strong></span> <span class='ocrx_word' id='word_1_436' title='bbox 885 4151 1015 4199; x_wconf 80' lang='lat' dir='ltr'><strong>contemtio</strong></span> <span class='ocrx_word' id='word_1_437' title='bbox 1033 4150 1138 4207; x_wconf 88' lang='lat' dir='ltr'><strong>maior,</strong></span> <span class='ocrx_word' id='word_1_438' title='bbox 1159 4156 1189 4199; x_wconf 92' lang='lat' dir='ltr'><strong>ut</strong></span> <span class='ocrx_word' id='word_1_439' title='bbox 1202 4152 1351 4200; x_wconf 84' lang='grc'><strong>1111111111</strong></span> <span class='ocrx_word' id='word_1_440' title='bbox 1363 4148 1511 4205; x_wconf 79' lang='lat' dir='ltr'><strong>seruatur,</strong></span> 
     </span>
     <span class='ocr_line' id='line_1_42' title="bbox 195 4218 1512 4286; baseline -0.001 -15"><span class='ocrx_word' id='word_1_441' title='bbox 195 4221 259 4286; x_wconf 76' lang='lat' dir='ltr'><strong>Leg-</strong></span> <span class='ocrx_word' id='word_1_442' title='bbox 280 4219 305 4270; x_wconf 87' lang='lat' dir='ltr'><strong>e.</strong></span> <span class='ocrx_word' id='word_1_443' title='bbox 326 4220 369 4269; x_wconf 80' lang='grc'><strong>15.</strong></span> <span class='ocrx_word' id='word_1_444' title='bbox 388 4219 454 4269; x_wconf 76' lang='lat' dir='ltr'><strong>au:</strong></span> <span class='ocrx_word' id='word_1_445' title='bbox 474 4221 561 4269; x_wconf 83' lang='lat' dir='ltr'><strong>contio</strong></span> <span class='ocrx_word' id='word_1_446' title='bbox 579 4221 666 4268; x_wconf 89' lang='lat' dir='ltr'><strong>maior</strong></span> <span class='ocrx_word' id='word_1_447' title='bbox 684 4221 715 4283; x_wconf 86' lang='lat' dir='ltr'><strong>(li</strong></span> <span class='ocrx_word' id='word_1_448' title='bbox 727 4218 750 4282; x_wconf 81' lang='grc'><strong>1)</strong></span> <span class='ocrx_word' id='word_1_449' title='bbox 769 4220 808 4277; x_wconf 88' lang='grc' dir='ltr'><strong>Ε.</strong></span> <span class='ocrx_word' id='word_1_450' title='bbox 836 4221 923 4270; x_wconf 89' lang='lat' dir='ltr'><strong>maior</strong></span> <span class='ocrx_word' id='word_1_451' title='bbox 940 4222 1027 4270; x_wconf 81' lang='lat' dir='ltr'><strong>contio</strong></span> <span class='ocrx_word' id='word_1_452' title='bbox 1046 4219 1102 4269; x_wconf 79' lang='grc'><strong>111.</strong></span> <span class='ocrx_word' id='word_1_453' title='bbox 1124 4245 1155 4256; x_wconf 91' lang='grc'><strong>-</strong></span> <span class='ocrx_word' id='word_1_454' title='bbox 1183 4220 1226 4270; x_wconf 77' lang='lat' dir='ltr'><strong>td.</strong></span> <span class='ocrx_word' id='word_1_455' title='bbox 1245 4219 1410 4281; x_wconf 69' lang='grc'><strong>1111111111</strong></span> <span class='ocrx_word' id='word_1_456' title='bbox 1428 4220 1461 4270; x_wconf 82' lang='lat' dir='ltr'><strong>a.</strong></span> <span class='ocrx_word' id='word_1_457' title='bbox 1481 4240 1512 4255; x_wconf 83' lang='lat'>-</span> 
     </span>
     <span class='ocr_line' id='line_1_43' title="bbox 194 4288 1512 4352; baseline -0.005 -9"><span class='ocrx_word' id='word_1_458' title='bbox 194 4293 230 4343; x_wconf 79' lang='lat' dir='ltr'><strong>Et</strong></span> <span class='ocrx_word' id='word_1_459' title='bbox 246 4290 313 4341; x_wconf 83' lang='lat' dir='ltr'><strong>illud</strong></span> <span class='ocrx_word' id='word_1_460' title='bbox 330 4290 364 4339; x_wconf 82' lang='grc'><strong>11.</strong></span> <span class='ocrx_word' id='word_1_461' title='bbox 379 4312 411 4324; x_wconf 91' lang='grc'>-</span> <span class='ocrx_word' id='word_1_462' title='bbox 430 4289 473 4339; x_wconf 86' lang='grc'><strong>15.</strong></span> <span class='ocrx_word' id='word_1_463' title='bbox 492 4296 521 4340; x_wconf 88' lang='lat' dir='ltr'><strong>ut</strong></span> <span class='ocrx_word' id='word_1_464' title='bbox 539 4293 685 4339; x_wconf 87' lang='lat' dir='ltr'><strong>ceterarum</strong></span> <span class='ocrx_word' id='word_1_465' title='bbox 703 4304 755 4340; x_wconf 86' lang='lat' dir='ltr'><strong>orn.</strong></span> <span class='ocrx_word' id='word_1_466' title='bbox 774 4291 837 4351; x_wconf 77' lang='lat' dir='ltr'><strong>Ali,</strong></span> <span class='ocrx_word' id='word_1_467' title='bbox 858 4291 964 4341; x_wconf 84' lang='lat' dir='ltr'><strong>reclusit</strong></span> <span class='ocrx_word' id='word_1_468' title='bbox 982 4290 1097 4341; x_wconf 83' lang='lat' dir='ltr'><strong>Ellendt.</strong></span> <span class='ocrx_word' id='word_1_469' title='bbox 1120 4317 1148 4329; x_wconf 89' lang='lat'><em>-</em></span> <span class='ocrx_word' id='word_1_470' title='bbox 1169 4293 1211 4342; x_wconf 78' lang='lat'><strong>17.</strong></span> <span class='ocrx_word' id='word_1_471' title='bbox 1231 4291 1345 4352; x_wconf 78' lang='lat' dir='ltr'><strong>quemuis</strong></span> <span class='ocrx_word' id='word_1_472' title='bbox 1364 4290 1395 4340; x_wconf 82' lang='lat' dir='ltr'><strong>ii.</strong></span> <span class='ocrx_word' id='word_1_473' title='bbox 1418 4316 1448 4328; x_wconf 90' lang='lat'><em>-</em></span> <span class='ocrx_word' id='word_1_474' title='bbox 1469 4288 1512 4339; x_wconf 84' lang='grc'><strong>18.</strong></span> 
     </span>
     <span class='ocr_line' id='line_1_44' title="bbox 195 4359 1512 4424; baseline -0.002 -11"><span class='ocrx_word' id='word_1_475' title='bbox 195 4359 265 4424; x_wconf 86' lang='lat' dir='ltr'><strong>eum]</strong></span> <span class='ocrx_word' id='word_1_476' title='bbox 286 4360 356 4424; x_wconf 81' lang='lat' dir='ltr'><strong>quod</strong></span> <span class='ocrx_word' id='word_1_477' title='bbox 374 4360 439 4420; x_wconf 77' lang='lat' dir='ltr'><strong>AB,</strong></span> <span class='ocrx_word' id='word_1_478' title='bbox 457 4373 583 4424; x_wconf 85' lang='lat' dir='ltr'><strong>quaeum</strong></span> <span class='ocrx_word' id='word_1_479' title='bbox 601 4361 829 4423; x_wconf 81' lang='lat' dir='ltr'><strong>quiomniumii.</strong></span> <span class='ocrx_word' id='word_1_480' title='bbox 849 4387 881 4398; x_wconf 90' lang='grc'>-</span> <span class='ocrx_word' id='word_1_481' title='bbox 911 4363 946 4410; x_wconf 82' lang='lat' dir='ltr'><strong>sit</strong></span> <span class='ocrx_word' id='word_1_482' title='bbox 962 4360 1050 4412; x_wconf 76' lang='lat' dir='ltr'>ABR:</span> <span class='ocrx_word' id='word_1_483' title='bbox 1077 4362 1113 4411; x_wconf 83' lang='lat' dir='ltr'><strong>sir</strong></span> <span class='ocrx_word' id='word_1_484' title='bbox 1132 4362 1163 4412; x_wconf 88' lang='grc' dir='ltr'><strong>Ε.</strong></span> <span class='ocrx_word' id='word_1_485' title='bbox 1185 4387 1214 4399; x_wconf 92' lang='grc'><strong>-</strong></span> <span class='ocrx_word' id='word_1_486' title='bbox 1235 4359 1450 4411; x_wconf 68' lang='grc'><strong>21111111.</strong></span> <span class='ocrx_word' id='word_1_487' title='bbox 1480 4385 1512 4397; x_wconf 91' lang='grc'><strong>-</strong></span> 
     </span>
     <span class='ocr_line' id='line_1_45' title="bbox 195 4430 1511 4493; baseline -0.001 -10"><span class='ocrx_word' id='word_1_488' title='bbox 195 4432 350 4484; x_wconf 82' lang='lat' dir='ltr'><strong>credendum</strong></span> <span class='ocrx_word' id='word_1_489' title='bbox 367 4431 400 4480; x_wconf 82' lang='grc'><strong>11.</strong></span> <span class='ocrx_word' id='word_1_490' title='bbox 427 4455 458 4466; x_wconf 95' lang='grc'>-</span> <span class='ocrx_word' id='word_1_491' title='bbox 487 4432 610 4493; x_wconf 74' lang='lat' dir='ltr'><strong>ipseorn·</strong></span> <span class='ocrx_word' id='word_1_492' title='bbox 632 4430 935 4489; x_wconf 68' lang='grc'><strong>1111112111111,</strong></span> <span class='ocrx_word' id='word_1_493' title='bbox 965 4431 1066 4490; x_wconf 73' lang='lat' dir='ltr'><strong>Aldus,</strong></span> <span class='ocrx_word' id='word_1_494' title='bbox 1097 4431 1250 4485; x_wconf 78' lang='grc'><strong>8111111111.</strong></span> <span class='ocrx_word' id='word_1_495' title='bbox 1281 4431 1457 4483; x_wconf 83' lang='lat' dir='ltr'><strong>ilenrtclssen.</strong></span> <span class='ocrx_word' id='word_1_496' title='bbox 1477 4455 1511 4466; x_wconf 92' lang='lat'>-</span> 
     </span>
     <span class='ocr_line' id='line_1_46' title="bbox 194 4499 1512 4564; baseline -0.004 -10"><span class='ocrx_word' id='word_1_497' title='bbox 194 4500 450 4554; x_wconf 65' lang='grc'><strong>2111111111.</strong></span> <span class='ocrx_word' id='word_1_498' title='bbox 480 4525 511 4537; x_wconf 93' lang='lat'><em>-</em></span> <span class='ocrx_word' id='word_1_499' title='bbox 541 4499 718 4562; x_wconf 75' lang='lat' dir='ltr'><strong>facetiarum,</strong></span> <span class='ocrx_word' id='word_1_500' title='bbox 738 4503 808 4559; x_wconf 83' lang='lat' dir='ltr'><strong>Iuli,</strong></span> <span class='ocrx_word' id='word_1_501' title='bbox 845 4503 928 4553; x_wconf 89' lang='lat' dir='ltr'><strong>ullam</strong></span> <span class='ocrx_word' id='word_1_502' title='bbox 956 4500 1039 4553; x_wconf 83' lang='lat' dir='ltr'><strong>Godd.</strong></span> <span class='ocrx_word' id='word_1_503' title='bbox 1061 4501 1114 4553; x_wconf 81' lang='lat' dir='ltr'><strong>et:</strong></span> <span class='ocrx_word' id='word_1_504' title='bbox 1146 4501 1302 4564; x_wconf 74' lang='lat' dir='ltr'><strong>facetiarum</strong></span> <span class='ocrx_word' id='word_1_505' title='bbox 1328 4501 1410 4551; x_wconf 85' lang='lat' dir='ltr'><strong>uitam</strong></span> <span class='ocrx_word' id='word_1_506' title='bbox 1436 4501 1512 4552; x_wconf 83' lang='lat' dir='ltr'><strong>Voss.</strong></span> 
     </span>
     <span class='ocr_line' id='line_1_47' title="bbox 195 4570 1512 4639; baseline -0.002 -15"><span class='ocrx_word' id='word_1_507' title='bbox 195 4571 356 4631; x_wconf 72' lang='grc'><strong>1111111,</strong></span> <span class='ocrx_word' id='word_1_508' title='bbox 378 4586 429 4635; x_wconf 76' lang='lat' dir='ltr'><strong>tuq.</strong></span> <span class='ocrx_word' id='word_1_509' title='bbox 451 4570 521 4622; x_wconf 84' lang='lat' dir='ltr'><strong>Cret·</strong></span> <span class='ocrx_word' id='word_1_510' title='bbox 542 4572 617 4634; x_wconf 88' lang='lat' dir='ltr'><strong>prob.</strong></span> <span class='ocrx_word' id='word_1_511' title='bbox 637 4571 735 4631; x_wconf 80' lang='lat' dir='ltr'><strong>Balsio,</strong></span> <span class='ocrx_word' id='word_1_512' title='bbox 754 4573 838 4622; x_wconf 88' lang='lat' dir='ltr'><strong>ullam</strong></span> <span class='ocrx_word' id='word_1_513' title='bbox 856 4572 1011 4635; x_wconf 77' lang='lat' dir='ltr'><strong>facetiarum</strong></span> <span class='ocrx_word' id='word_1_514' title='bbox 1030 4573 1066 4634; x_wconf 86' lang='lat' dir='ltr'><strong>B,</strong></span> <span class='ocrx_word' id='word_1_515' title='bbox 1094 4574 1267 4639; x_wconf 70' lang='lat' dir='ltr'><strong>facetiarum,</strong></span> <span class='ocrx_word' id='word_1_516' title='bbox 1287 4571 1342 4620; x_wconf 86' lang='lat' dir='ltr'><strong>iuli</strong></span> <span class='ocrx_word' id='word_1_517' title='bbox 1360 4572 1390 4623; x_wconf 89' lang='grc' dir='ltr'><strong>Ε.</strong></span> <span class='ocrx_word' id='word_1_518' title='bbox 1409 4597 1442 4608; x_wconf 90' lang='grc'>-</span> <span class='ocrx_word' id='word_1_519' title='bbox 1468 4573 1512 4622; x_wconf 85' lang='grc'><strong>22.</strong></span> 
     </span>
     <span class='ocr_line' id='line_1_48' title="bbox 194 4641 1512 4706; baseline -0.004 -12"><span class='ocrx_word' id='word_1_520' title='bbox 194 4646 300 4694; x_wconf 88' lang='lat' dir='ltr'><strong>uidetur</strong></span> <span class='ocrx_word' id='word_1_521' title='bbox 317 4656 332 4693; x_wconf 94' lang='lat' dir='ltr'><strong>e</strong></span> <span class='ocrx_word' id='word_1_522' title='bbox 352 4642 436 4694; x_wconf 88' lang='lat' dir='ltr'><strong>Ccdd.</strong></span> <span class='ocrx_word' id='word_1_523' title='bbox 464 4643 527 4704; x_wconf 87' lang='lat' dir='ltr'><strong>eltq.</strong></span> <span class='ocrx_word' id='word_1_524' title='bbox 548 4643 580 4692; x_wconf 91' lang='lat' dir='ltr'><strong>T.</strong></span> <span class='ocrx_word' id='word_1_525' title='bbox 612 4641 656 4706; x_wconf 80' lang='lat' dir='ltr'><strong>(Ut</strong></span> <span class='ocrx_word' id='word_1_526' title='bbox 674 4657 740 4701; x_wconf 88' lang='lat' dir='ltr'><strong>nos,</strong></span> <span class='ocrx_word' id='word_1_527' title='bbox 769 4642 864 4706; x_wconf 78' lang='lat' dir='ltr'><strong>ABR.)</strong></span> <span class='ocrx_word' id='word_1_528' title='bbox 885 4668 914 4681; x_wconf 93' lang='lat'>-</span> <span class='ocrx_word' id='word_1_529' title='bbox 946 4643 1152 4694; x_wconf 76' lang='grc'><strong>1111111111.-</strong></span> <span class='ocrx_word' id='word_1_530' title='bbox 1183 4641 1439 4694; x_wconf 72' lang='grc'><strong>2111111111.-</strong></span> <span class='ocrx_word' id='word_1_531' title='bbox 1468 4643 1512 4694; x_wconf 85' lang='grc'><strong>25.</strong></span> 
     </span>
     <span class='ocr_line' id='line_1_49' title="bbox 193 4708 1513 4778; baseline 0 -16"><span class='ocrx_word' id='word_1_532' title='bbox 193 4715 489 4778; x_wconf 80' lang='lat' dir='ltr'><strong>praetermittendarum</strong></span> <span class='ocrx_word' id='word_1_533' title='bbox 508 4715 619 4765; x_wconf 81' lang='lat' dir='ltr'><strong>Hetnzto</strong></span> <span class='ocrx_word' id='word_1_534' title='bbox 638 4721 745 4765; x_wconf 85' lang='lat' dir='ltr'><strong>auctore</strong></span> <span class='ocrx_word' id='word_1_535' title='bbox 763 4713 803 4763; x_wconf 73' lang='lat' dir='ltr'><strong>&#39;le</strong></span> <span class='ocrx_word' id='word_1_536' title='bbox 829 4715 1091 4778; x_wconf 81' lang='lat' dir='ltr'><strong>praetermittendum</strong></span> <span class='ocrx_word' id='word_1_537' title='bbox 1107 4715 1209 4766; x_wconf 72' lang='lat' dir='ltr'><strong>anitii.</strong></span> <span class='ocrx_word' id='word_1_538' title='bbox 1230 4737 1262 4749; x_wconf 94' lang='lat'>-</span> <span class='ocrx_word' id='word_1_539' title='bbox 1292 4708 1361 4773; x_wconf 87' lang='lat' dir='ltr'><strong>cum]</strong></span> <span class='ocrx_word' id='word_1_540' title='bbox 1381 4726 1433 4776; x_wconf 86' lang='lat' dir='ltr'><strong>quo</strong></span> <span class='ocrx_word' id='word_1_541' title='bbox 1453 4727 1513 4764; x_wconf 88' lang='lat' dir='ltr'><strong>cum</strong></span> 
     </span>
     <span class='ocr_line' id='line_1_50' title="bbox 195 4781 1514 4848; baseline 0.001 -13"><span class='ocrx_word' id='word_1_542' title='bbox 195 4787 228 4836; x_wconf 87' lang='grc'><strong>11.</strong></span> <span class='ocrx_word' id='word_1_543' title='bbox 245 4810 274 4822; x_wconf 89' lang='grc'><strong>-</strong></span> <span class='ocrx_word' id='word_1_544' title='bbox 293 4785 327 4833; x_wconf 79' lang='lat' dir='ltr'><strong>iis</strong></span> <span class='ocrx_word' id='word_1_545' title='bbox 347 4783 494 4835; x_wconf 68' lang='grc'><strong>(1111111</strong></span> <span class='ocrx_word' id='word_1_546' title='bbox 514 4785 555 4834; x_wconf 77' lang='lat' dir='ltr'><strong>iia</strong></span> <span class='ocrx_word' id='word_1_547' title='bbox 572 4784 673 4834; x_wconf 75' lang='lat' dir='ltr'><strong>anau.</strong></span> <span class='ocrx_word' id='word_1_548' title='bbox 690 4809 717 4820; x_wconf 92' lang='lat'>-</span> <span class='ocrx_word' id='word_1_549' title='bbox 741 4783 784 4834; x_wconf 83' lang='grc'><strong>31.</strong></span> <span class='ocrx_word' id='word_1_550' title='bbox 804 4781 901 4848; x_wconf 83' lang='lat' dir='ltr'><strong>autem]</strong></span> <span class='ocrx_word' id='word_1_551' title='bbox 919 4785 988 4836; x_wconf 84' lang='lat' dir='ltr'><strong>euim</strong></span> <span class='ocrx_word' id='word_1_552' title='bbox 1008 4786 1041 4836; x_wconf 87' lang='lat' dir='ltr'><strong>lt.</strong></span> <span class='ocrx_word' id='word_1_553' title='bbox 1060 4807 1088 4819; x_wconf 94' lang='lat'>-</span> <span class='ocrx_word' id='word_1_554' title='bbox 1108 4787 1138 4834; x_wconf 82' lang='lat' dir='ltr'><strong>trs</strong></span> <span class='ocrx_word' id='word_1_555' title='bbox 1149 4784 1265 4835; x_wconf 85' lang='lat' dir='ltr'><strong>Domitio</strong></span> <span class='ocrx_word' id='word_1_556' title='bbox 1283 4782 1440 4845; x_wconf 74' lang='lat' dir='ltr'><strong>praetura</strong></span> <span class='ocrx_word' id='word_1_557' title='bbox 1458 4785 1514 4836; x_wconf 86' lang='lat' dir='ltr'><strong>elti-</strong></span> 
     </span>
     <span class='ocr_line' id='line_1_51' title="bbox 197 4850 1373 4922; baseline -0.003 -16"><span class='ocrx_word' id='word_1_558' title='bbox 197 4868 264 4922; x_wconf 86' lang='lat' dir='ltr'><strong>que:</strong></span> <span class='ocrx_word' id='word_1_559' title='bbox 284 4856 405 4922; x_wconf 81' lang='lat' dir='ltr'><strong>prauitas</strong></span> <span class='ocrx_word' id='word_1_560' title='bbox 431 4855 460 4906; x_wconf 83' lang='lat' dir='ltr'><strong>iu</strong></span> <span class='ocrx_word' id='word_1_561' title='bbox 485 4854 602 4906; x_wconf 84' lang='lat' dir='ltr'><strong>Domitio</strong></span> <span class='ocrx_word' id='word_1_562' title='bbox 622 4850 666 4922; x_wconf 87' lang='lat' dir='ltr'><strong>(B)</strong></span> <span class='ocrx_word' id='word_1_563' title='bbox 684 4853 743 4906; x_wconf 78' lang='lat' dir='ltr'><strong>uu.</strong></span> <span class='ocrx_word' id='word_1_564' title='bbox 770 4880 805 4893; x_wconf 84' lang='lat'>-</span> <span class='ocrx_word' id='word_1_565' title='bbox 833 4854 877 4907; x_wconf 83' lang='lat'><strong>³5.</strong></span> <span class='ocrx_word' id='word_1_566' title='bbox 903 4854 1115 4908; x_wconf 75' lang='grc' dir='ltr'><strong>1111111111Δῦ.</strong></span> <span class='ocrx_word' id='word_1_567' title='bbox 1146 4881 1174 4894; x_wconf 96' lang='lat'>-</span> <span class='ocrx_word' id='word_1_568' title='bbox 1205 4854 1324 4907; x_wconf 82' lang='lat' dir='ltr'><strong>comune</strong></span> <span class='ocrx_word' id='word_1_569' title='bbox 1339 4850 1373 4904; x_wconf 84' lang='lat' dir='ltr'><strong>R.</strong></span> 
     </span>
    </p>
   </div>
   <div class='ocr_carea' id='block_1_6' title="bbox 0 0 1622 5392">
    <p class='ocr_par' dir='ltr' id='par_1_6' title="bbox 0 0 1622 5392">
     <span class='ocr_line' id='line_1_52' title="bbox 0 0 1622 5392; baseline 0 0"><span class='ocrx_word' id='word_1_570' title='bbox 0 0 1622 5392; x_wconf 95' lang='lat' dir='ltr'><strong> </strong></span> 
     </span>
    </p>
   </div>
  </div>
 </body>
</html>
