3232 5392
564 211 641 275 LlB.
664 210 720 275 111.
764 211 798 277 C.
819 211 871 277 21.
892 211 945 275 22.
969 212 1021 277 23.
1394 216 1456 280 309

127 393 220 439 nemo
252 379 413 438 oratorum
446 371 577 435 istorum
609 391 747 454 unquam
781 369 898 455 attigit,
934 369 1162 457 comprehensa
1195 391 1265 437 esse
1297 370 1453 439 rideatur.

127 470 230 533 XXII.
255 469 306 531 82.
336 470 416 531 Tum
443 464 585 540 Catulus,
617 467 865 551 Haudquaquam
889 465 1012 542 hercle,
1039 467 1160 552 inquit,
1189 468 1314 541 Crasse,
1340 469 1456 531 miran-

129 561 202 627 dum
231 570 278 625 est
306 581 375 625 esse
404 563 436 624 in
464 569 495 624 te
518 566 632 623 tantam
655 558 779 623 dicendi
801 561 853 625 vel
874 559 941 624 vim
963 560 1014 626 vel
1036 562 1222 627 suavitatem
1243 560 1294 627 vel
1316 561 1454 644 copiam3

128 659 221 743 quero
245 654 371 742 quidem
393 662 483 719 antea
505 662 616 718 natura
637 650 732 718 rebar
753 655 798 716 ita
820 655 943 730 dicere,
978 664 1013 719 ut
1036 657 1112 719 milri
1134 677 1200 719 non
1221 655 1324 721 solum
1347 664 1456 721 orator

128 770 270 816 summus
290 753 347 815 sed
368 751 463 815 etiam
484 747 732 835 sapientissimus
756 745 851 813 homo
872 746 1033 813 viderere:
1072 769 1156 813 nunc
1184 747 1324 835 intelligo
1346 751 1401 814 illa
1423 757 1478 814 tes

128 865 255 928 semper
276 848 369 911 etiam
391 846 516 930 potiora
539 844 682 915 duxisse,
705 862 786 926 quae
808 839 848 907 ad
870 842 1055 926 sapientiam
1076 850 1274 928 spectarent,
1298 851 1392 928 atque
1416 864 1455 907 cx

128 939 177 1005 his
198 939 278 1005 hanc
300 939 425 1005 dicendi
447 940 571 1020 copiam
591 934 732 1013 fluxisse.
779 937 841 1000 Sed
862 942 982 1008 tamem
1006 954 1076 1000 eum
1092 957 1201 1002 omnes
1215 940 1330 1023 gradus
1345 938 1456 1002 aetatis

129 1034 280 1101 recordor
307 1042 379 1100 tuae
411 1052 544 1117 eumque
579 1031 673 1095 vitam
706 1037 790 1093 tuam
820 1049 857 1093 ac
887 1028 990 1094 studia
1016 1033 1204 1108 considero,
1237 1052 1358 1117 neque,
1392 1051 1455 1116 qno

129 1139 270 1215 tempore
291 1131 350 1194 ista
372 1125 533 1199 didiceris,
563 1123 657 1188 video
679 1145 739 1188 nec
760 1143 876 1207 magno
898 1142 995 1206 opere
1017 1133 1048 1188 tc
1070 1126 1137 1189 istis
1159 1125 1288 1201 studiis,
1319 1127 1457 1190 homini-

129 1227 200 1296 bus,
231 1221 320 1288 libris
353 1220 493 1304 intelligo
528 1217 678 1283 deditum.
724 1221 832 1305 Neque
866 1224 969 1281 tamen
999 1238 1127 1300 possum
1157 1227 1315 1296 statuere,
1348 1228 1493 1285 utrumro

128 1319 227 1402 magis
249 1319 346 1381 mirer
364 1323 393 1379 te
415 1313 483 1387 illa,
520 1332 601 1399 quae
622 1312 699 1376 mibi
720 1314 891 1398 persuades
915 1313 1052 1376 maxima
1081 1332 1149 1376 esse
1169 1312 1364 1390 adiumenta,
1397 1334 1455 1401 po·

129 1411 228 1477 tuisse
250 1413 281 1473 in
298 1411 388 1473 tantis
403 1410 464 1472 tuis
479 1406 740 1492 occupationibus
757 1405 952 1489 perdiscere;
975 1427 1032 1479 an,
1057 1404 1084 1469 si
1098 1427 1163 1471 non
1178 1410 1337 1492 potueris,
1360 1428 1454 1495 posse

128 1505 308 1570 istomodo
335 1504 449 1566 dicere.
491 1503 544 1565 83.
569 1502 627 1563 llic
650 1504 796 1576 Crassus,
828 1502 897 1565 Hoc
918 1499 991 1574 tibi,
1018 1502 1136 1585 inquit,
1165 1501 1292 1577 Catule,
1316 1504 1455 1588 primum

128 1602 316 1686 persuadeas
337 1597 452 1671 velim,
489 1614 541 1658 me
563 1614 627 1657 uon
649 1595 749 1659 multo
771 1614 862 1659 secus
884 1592 1008 1668 lacere,
1042 1615 1113 1659 cum
1136 1592 1175 1660 de
1197 1605 1324 1660 oratore
1347 1594 1456 1679 dispu-

128 1702 210 1768 tem,
234 1712 270 1756 ac
292 1689 448 1764 facerem,
479 1691 505 1753 si
527 1698 610 1753 esset
633 1687 711 1752 milri
737 1690 777 1753 de
798 1688 951 1754 histrione
970 1689 1149 1753 dicendum.
1192 1693 1345 1773 Negarem
1372 1692 1492 1754 enimn

128 1808 221 1874 posse
244 1805 316 1852 eum
339 1781 518 1849 satisfacere
540 1784 573 1845 in
595 1791 698 1866 gestu,
731 1782 791 1847 nisi
812 1782 1017 1868 palaestram,
1052 1782 1112 1847 nisi
1140 1784 1255 1847 saltare
1280 1781 1454 1862 didicisset;

128 1901 248 1968 neque,
283 1900 320 1944 ea
346 1898 416 1943 cnm
443 1875 592 1951 dicerem,
616 1898 667 1941 me
690 1896 759 1941 esse
781 1878 966 1942 histrionem
988 1896 1116 1941 necesse
1138 1885 1221 1941 esset
1245 1880 1301 1942 sed
1322 1876 1455 1942 sortasse

128 1995 191 2041 non
206 1973 333 2039 stultum
352 1972 445 2038 alieni
467 1968 590 2035 artificii
609 1973 869 2036 existimatorem.
914 1974 967 2037 st.
989 1970 1141 2035 Similiter
1161 1992 1245 2036 nunc
1268 1974 1308 2036 de
1331 1980 1456 2037 oratore

128 2078 234 2136 restro
256 2065 393 2152 impulsu
420 2067 547 2150 loquor,
583 2085 707 2131 summo
735 2067 865 2130 scilicet.
912 2067 1046 2148 Semper
1067 2065 1171 2142 enim,
1207 2087 1393 2153 quacunque
1417 2068 1456 2131 de

128 2172 194 2229 arte
215 2169 269 2226 aut
289 2160 433 2226 facultate
454 2159 632 2243 quaeritur,
658 2157 697 2223 de
716 2160 860 2224 absoluta
875 2169 905 2225 et
919 2159 1059 2246 perlecta
1081 2163 1191 2245 quaeri
1206 2164 1299 2226 solet.
1347 2163 1494 2239 Quare*⁰

128 2259 154 2325 si
173 2261 234 2323 iam
254 2278 305 2320 me
324 2254 418 2319 vultis
440 2273 509 2317 esse
529 2261 704 2326 oratorem,
724 2255 750 2317 si
772 2255 867 2320 etiam
889 2262 936 2321 sat
955 2257 1091 2327 bonum,
1113 2257 1140 2318 si
1162 2257 1282 2319 bonum
1303 2258 1456 2341 denique,

127 2373 190 2418 non
215 2347 412 2434 repugnabo.
458 2348 541 2425 Quid
569 2351 651 2412 enirn
677 2369 762 2413 nunc
781 2350 840 2414 sim
864 2350 1011 2435 ineptus‘t
1044 2350 1090 2411 lta
1108 2368 1160 2413 mc
1183 2348 1355 2414 existimari
1377 2349 1454 2413 scio.

129 2443 267 2525 Quodsi
293 2446 336 2507 ita
362 2450 424 2515 est,
453 2461 592 2506 summus
618 2449 720 2505 tamen
743 2448 828 2506 certe
849 2463 915 2507 non
934 2463 1014 2507 sum.
1060 2444 1169 2528 Neque
1191 2446 1274 2510 enim
1295 2447 1379 2528 apud
1399 2447 1458 2508 ho·

126 2541 226 2605 mines
258 2557 310 2602 res
338 2546 386 2601 est
414 2535 477 2601 nlla
505 2533 663 2599 difficilior
683 2555 787 2620 neque
809 2535 910 2601 maior
932 2547 1139 2621 neque'quae
1162 2537 1253 2623 plura
1276 2541 1456 2603 adiumenta

128 2635 290 2701 doctrinae
308 2629 476 2696 desideret.
520 2633 572 2694 85.
596 2633 740 2695 Attamen
755 2628 905 2714 quoniam
920 2628 959 2694 de
978 2638 1105 2695 emtore
1124 2629 1216 2696 nobis
1234 2634 1454 2717 disputandum
1465 2653 1493 2694 ss

128 2738 190 2805 est,
215 2730 396 2792 desummo
419 2734 543 2789 oratore
569 2723 670 2789 dicam
685 2745 813 2789 necesse
832 2732 890 2788 est.
935 2725 989 2788 Vis
1013 2725 1098 2787 enim
1122 2732 1283 2795 etnatura
1305 2728 1371 2800 rei,
1395 2726 1456 2789 nisi

127 2823 266 2911 perlecta
288 2830 359 2886 ante
382 2819 489 2886 oeulos
512 2821 659 2904 ponitur,
689 2818 789 2904 qualis
811 2826 843 2882 et
865 2826 981 2905 quanta
1007 2820 1063 2893 sit,
1093 2818 1225 2903 intelligi
1250 2840 1315 2884 non
1339 2826 1457 2902 potest.

127 2924 177 2985 lle
200 2926 321 2992 autem,
347 2914 469 2988 Catule,
491 2912 594 2978 lateor
613 2933 715 2998 neque
736 2910 831 2977 hodie
850 2911 964 2977 inistis
985 2911 1075 2978 libris
1089 2921 1121 2978 et
1141 2935 1214 2978 cum
1235 2913 1301 2978 istis
1321 2912 1457 2978 homini-

128 3016 188 3078 bus
209 3014 317 3076 rivere
344 3030 402 3074 nec
423 3030 519 3084 vero,
550 3007 583 3072 id
612 3011 697 3094 quod
723 3016 757 3070 tu
785 3016 873 3072 recte
901 3006 1158 3082 commeministi,
1195 3007 1294 3073 ullum
1316 3026 1455 3094 unquam

128 3106 272 3172 babuisse
303 3105 473 3190 sepositum
499 3110 622 3187 tempus
647 3104 687 3166 ad
710 3101 893 3167 discendum
916 3121 954 3165 ac
975 3108 1094 3167 tantum
1116 3102 1266 3168 tribuisse
1291 3101 1492 3168 doetrinaesc

127 3202 291 3286 temporis,
328 3206 477 3283 quantum
508 3198 584 3260 mihi
617 3196 746 3282 puerilis
782 3206 884 3269 aetas,
920 3193 1064 3260 forenses
1098 3197 1196 3261 leriae
1232 3198 1455 3264 concesserint.

127 3297 315 3370 xx111.8o.
350 3295 411 3367 llc,
435 3293 461 3356 si
481 3290 625 3377 quaeris,
650 3291 776 3367 Catule,
800 3292 839 3354 de
862 3291 1004 3353 doctrina
1026 3292 1101 3366 ista,
1126 3290 1202 3376 quid
1225 3312 1285 3374 ego
1307 3293 1453 3364 sentiam,

127 3410 190 3455 non
204 3397 323 3453 tantum
338 3387 501 3470 ingenioso
525 3384 645 3450 homiui
670 3388 767 3461 etei,
791 3387 844 3471 qui
866 3382 990 3460 forum,
1014 3387 1068 3470 qni
1092 3384 1229 3460 curiam,
1254 3389 1307 3471 qni
1329 3406 1452 3461 causas,

127 3485 180 3569 qui
201 3502 269 3547 rem
291 3479 446 3566 publicam
468 3488 603 3562 spectet,
626 3498 707 3566 opus
729 3500 797 3544 esse
819 3480 959 3543 arbitror
980 3479 1149 3565 temporis,
1173 3491 1323 3567 quantum
1346 3481 1408 3546 sibi
1429 3481 1453 3545 ii

127 3582 343 3660 sumpserunt,
367 3596 447 3662 quos
470 3577 624 3640 discentes
645 3577 709 3640 vita
730 3572 854 3638 defecit.
901 3574 1018 3639 Omnes
1039 3576 1123 3639 enim
1145 3583 1230 3639 artes
1251 3577 1342 3640 aliter
1355 3574 1395 3640 ab
1411 3577 1490 3639 iisse

127 3679 313 3743 tractantur,
337 3673 390 3756 qni
408 3689 461 3733 eas
477 3672 515 3733 ad
536 3691 626 3733 usum
646 3667 853 3746 transierant3
874 3670 967 3733 aliter
982 3671 1022 3733 ab
1037 3668 1092 3744 iis,
1116 3669 1171 3754 qui
1185 3671 1323 3755 ipsarum
1340 3672 1453 3734 artium

127 3773 257 3830 tractatu
280 3766 425 3829 delectati
447 3762 573 3828 nihilin
594 3762 748 3828 vitasunt
770 3761 855 3827 aliud
877 3765 987 3826 acturi.
1030 3763 1180 3847 Magister
1200 3763 1251 3828 hic
1268 3763 1451 3829 Samnitium

127 3880 248 3925 summa
277 3859 339 3924 iam
368 3866 528 3922 senectute
557 3866 605 3922 est
630 3866 664 3923 et
685 3856 825 3943 quotidie
856 3862 1095 3921 commentatur.
1139 3856 1224 3921 Nihil
1252 3858 1336 3920 enim
1365 3863 1453 3921 curat

128 3954 222 4019 aliud.
267 3958 307 4016 tlt
328 3954 367 4031 Q.
384 3952 533 4017 Velocius
554 3973 635 4038 puer
656 3952 856 4017 addidiceral.
901 3952 963 4014 Sed
986 3952 1073 4035 quod
1094 3959 1163 4017 erat
1183 3960 1274 4038 aptus
1302 3952 1341 4015 ad
1375 3948 1452 4014 illud

126 4055 289 4135 totumque
311 4055 479 4132 cognorat,
502 4046 578 4122 fuit,
600 4055 636 4112 ut
657 4054 705 4111 est
726 4049 809 4133 apud
829 4043 1001 4122 Lucilium,
1462 4063 1490 4104 so

295 4207 309 4219 -
329 4206 344 4219 -
364 4206 380 4218 -
400 4173 536 4254 quomois
557 4171 650 4233 bones
671 4172 733 4252 ipse

293 4266 415 4329 Samnis
436 4267 469 4327 io
491 4265 560 4328 lodo
581 4285 619 4328 cc
639 4265 764 4328 nedibus
785 4264 881 4328 cuivis
901 4265 978 4328 sotis
997 4284 1095 4348 copem

194 4454 221 4504 2.
235 4454 339 4504 terente
350 4456 383 4505 Β.
399 4478 427 4490 -
449 4454 493 4503 12.
508 4456 592 4503 tontis
606 4455 659 4503 tuta
669 4452 753 4504 Codd.
768 4453 818 4504 al:
838 4456 891 4504 tata
904 4456 987 4505 tontta
999 4451 1061 4518 (lit)
1073 4453 1129 4505 llll.
1140 4478 1174 4489 -
1192 4452 1235 4504 13.
1249 4451 1319 4503 Huic
1330 4453 1373 4503 Cr.
1385 4453 1451 4505 Β.-

126 4525 168 4574 22.
191 4526 342 4576 actattmorc
360 4527 381 4575 Β
399 4532 425 4576 et
438 4525 500 4587 Lag.
520 4524 564 4575 83.
584 4525 649 4584 (non
668 4525 705 4584 Β,
727 4525 776 4575 boe
789 4524 846 4575 loco
858 4535 874 4574 a
887 4525 948 4588 Lag.
962 4523 1006 4575 33.
1025 4524 1164 4577 dltterenr.
1185 4532 1216 4574 ut
1229 4523 1386 4586 altqoottes,
1406 4525 1453 4575 sed

126 4597 208 4653 raro.)
228 4616 261 4632 -
286 4597 329 4647 24.
348 4611 394 4646 nec
410 4596 489 4659 ptura
507 4596 539 4645 Β.
561 4619 592 4631 -
616 4597 659 4645 25.
679 4597 845 4658 disputatum
862 4595 895 4647 Β.
916 4620 948 4632 -
973 4596 1016 4645 St).
1038 4609 1070 4644 oc
1088 4591 1201 4657 tontum]
1221 4607 1253 4644 oc
1271 4600 1359 4645 tomen
1376 4597 1408 4647 Β.
1422 4617 1454 4634 ·-

125 4666 169 4717 31.
183 4668 248 4717 mitt
260 4693 271 4704 ·
282 4691 293 4701 -
305 4673 433 4730 quantum
448 4679 498 4716 orn.
510 4666 542 4715 Β.
554 4690 586 4700 -
601 4673 780 4716 concesserunt
792 4667 825 4717 Β.
842 4691 872 4703 -
886 4665 929 4717 32.
943 4663 980 4716 Ae
991 4667 1134 4728 Balthosz
1147 4663 1181 4713 ,lt
1192 4665 1246 4715 llll.
1263 4689 1292 4701 -
1304 4665 1348 4716 38.
1362 4679 1454 4716 eorum

125 4736 157 4786 Β.
172 4762 203 4774 -
222 4737 266 4787 37.
287 4743 376 4787 tracto
388 4737 419 4786 Β.
440 4760 471 4773 -
491 4737 565 4786 ottod
583 4736 612 4785 to
628 4738 684 4786 otto
702 4743 764 4786 runt
782 4737 815 4787 Β.
831 4764 859 4775 -
881 4736 1005 4787 Sootctns
1019 4737 1049 4786 Β.
1068 4762 1097 4772 -
1118 4736 1160 4786 38.
1179 4748 1282 4786 comma
1301 4737 1452 4800 Balllque,

126 4807 164 4857 lt:
184 4813 210 4856 et
222 4821 324 4857 summo
337 4821 367 4859 er
381 4807 430 4856 lld.
445 4805 573 4858 walderi.
589 4819 649 4856 cunr
664 4806 725 4869 Lag.
744 4814 871 4869 quattuor
882 4807 915 4858 ll.
928 4832 961 4844 -
983 4807 1027 4858 38.
1043 4804 1077 4856 At
1089 4821 1121 4858 oo
1133 4819 1201 4869 quoe
1216 4806 1332 4857 Velocius
1349 4808 1389 4866 Β,
1408 4806 1454 4855 Δι-

126 4890 175 4943 que
183 4889 216 4928 eo
226 4891 294 4944 quae
310 4878 423 4930 estodus
434 4878 468 4929 Β.
482 4878 642 4936 (Emendare
656 4883 764 4930 conatus
777 4883 816 4931 ιιι
827 4877 981 4941 Victorius.)
1001 4904 1030 4917 -
1047 4878 1094 4930 ta.
1105 4877 1231 4932 sonetur
1243 4878 1277 4930 Β.
1291 4901 1323 4917 -
1341 4878 1406 4930 clota
1418 4877 1452 4928 Β.
