3232 5392
156 163 221 234 479
752 153 900 222 nobles

156 329 213 393 sut
234 321 330 390 animi
350 324 405 389 ant
424 319 567 409 corporis
588 321 643 387 ant
664 321 797 386 externa
817 313 869 384 vel
889 315 1055 387 commoda
1066 317 1119 387 vel
1131 320 1343 392 incommoda.
1388 324 1490 392 Item·

158 439 222 508 que
244 437 317 484 oum
338 419 379 482 de
399 417 537 482 honesto
557 415 707 502 turpique
728 409 905 513 quaeritur,
927 417 968 479 ad
988 414 1086 481 animi
1105 418 1190 484 bens
1209 425 1264 484 aut
1284 417 1367 486 mala
1381 419 1490 486 omnis

159 514 264 582 oratio
294 511 460 596 dirigenda
487 516 546 577 est.
588 512 641 577 911.
675 511 753 575 Cum
782 515 889 574 autem
916 505 956 574 de
984 528 1088 596 aequo
1114 519 1149 577 et
1175 510 1287 598 iniquo
1308 512 1490 593 disseritur,

160 607 326 695 aequitatis
346 604 410 673 loci
423 602 621 690 colligentur.
663 601 716 670 lli.
728 610 899 670 cernuntur
913 602 1081 691 bipertito,
1103 611 1137 672 et
1150 615 1264 674 natura
1276 615 1310 676 et
1329 611 1489 678 instituto.

136 707 279 772 allatura
306 708 413 788 partes
441 696 540 765 babet
571 702 670 775 duas,
708 698 874 764 tuitionem
904 698 953 763 sui
981 706 1015 765 et
1038 697 1213 767 ulciscendi
1232 699 1295 768 ius.
1339 704 1491 772 instituto

159 804 267 866 summ
287 796 431 883 aequitas
452 795 610 879 tripertita
631 800 698 884 esti
727 812 884 880 unapars
903 791 1044 878 legitima
1064 801 1129 872 est,
1162 793 1261 862 altera
1281 800 1489 880 couveniens,

159 892 257 960 wrtia
277 892 374 956 moris
395 896 548 957 vetustate
568 886 702 954 firmata.
746 889 849 973 Atque
877 887 973 953 etiam
1002 885 1135 975 [rursus]
1166 894 1306 978 aequitas
1328 896 1491 982 tripertita

161 985 277 1054 dicitur
297 1004 390 1064 essa;
423 1004 485 1050 una
506 986 546 1049 ad
567 1001 702 1071 superos
723 985 815 1058 deos,
849 980 948 1048 altera
968 984 1008 1047 ad
1038 1003 1165 1063 manea,
1199 988 1293 1054 tertia
1320 991 1360 1054 ad
1386 988 1492 1056 bomi-

160 1100 218 1148 nes
249 1080 422 1166 pertinere.
478 1079 583 1143 Prima
614 1079 732 1162 pietas,
774 1077 912 1144 secunda
944 1080 1108 1157 medus,
1154 1082 1246 1146 tertia
1277 1082 1397 1149 iustitia
1431 1094 1491 1151 aut

123 1175 302 1263 inaequitas
334 1175 525 1240 nominatur.
581 1172 694 1239 XXIV.
725 1176 773 1240 lle
802 1173 964 1260 proposito
999 1172 1074 1240 satis
1112 1176 1227 1252 multa,
1264 1176 1413 1264 deinceps
1448 1176 1489 1245 de

162 1290 258 1337 eausa
291 1269 444 1353 pauciora
479 1263 613 1335 beanda
644 1272 728 1334 sunt.
782 1266 934 1355 Pleraque
963 1269 1048 1334 enim
1076 1277 1150 1336 sunt
1176 1271 1207 1335 ei
1228 1291 1301 1339 cum
1322 1271 1490 1360 proposito

162 1384 377 1436 communia..

248 1461 302 1525 91.
326 1458 402 1524 Tria
421 1461 496 1524 sunt
514 1453 612 1542 igitur
632 1473 749 1541 genera
770 1473 952 1522 causarum:
984 1454 1111 1533 iudicii,
1141 1455 1394 1538 demerueris,
1422 1460 1490 1528 lau·

163 1552 310 1622 dationis.
356 1553 500 1630 Quarum
519 1548 599 1617 fines
619 1549 681 1637 ipsi
702 1547 882 1626 declarant,
904 1551 1019 1636 quibus
1039 1554 1192 1621 utendum
1210 1553 1288 1620 locis
1310 1555 1362 1622 sit.
1408 1558 1489 1624 Nam

124 1647 274 1721 ssiodicii
293 1645 366 1714 linis
387 1653 436 1713 est
455 1646 523 1725 ins;
553 1667 594 1712 ex
615 1664 680 1732 quo
702 1646 796 1711 etiam
816 1665 944 1712 noman.
988 1647 1071 1711 luris
1091 1654 1197 1714 autem
1216 1657 1323 1735 partes
1344 1658 1414 1718 tum
1435 1672 1490 1719 ex·

161 1745 302 1833 positae,
318 1763 390 1807 cum
404 1741 581 1828 aequitatis.
624 1737 828 1807 Deliberandi
844 1739 914 1808 linis
928 1739 1063 1817 utilitas,
1085 1744 1174 1809 cuius
1189 1765 1246 1811 eae
1260 1752 1385 1833 partes,
1407 1768 1489 1835 quae

162 1842 259 1907 modo
284 1836 461 1922 expositae,
483 1857 592 1903 rerum
614 1837 873 1923 expetendarum.
916 1834 1119 1903 Laudationis
1141 1834 1234 1925 [linis]
1256 1840 1426 1921 boneatas;
1449 1840 1489 1907 de

163 1955 226 2021 qna
246 1932 323 2001 item
345 1939 394 1997 est
414 1940 486 1998 anta
507 1929 636 1998 dictum.
679 1933 732 1996 92.
757 1927 821 1996 Sed
841 1928 989 1998 delinitae
1011 1930 1212 2016 quaestiones
1233 1933 1331 2001 asnis
1345 1956 1489 2023 quaeque

161 2028 241 2097 locis
263 2025 353 2115 qnasi
375 2026 513 2113 propriis
533 2027 754 2103 instruuntur,
788 2045 869 2111 quae
896 2028 930 2091 in
952 2024 1187 2093 accusationem·
1206 2025 1488 2118 defensionemque

124 2150 154 2195 aa
161 2124 309 2214 partitae.
352 2126 391 2188 ln
411 2121 527 2209 quibus
549 2122 707 2186 exsistunt
719 2121 798 2186 baec
812 2137 949 2205 genera,
970 2128 1007 2187 ut
1019 2128 1182 2188 accusator
1195 2142 1365 2210 peneum
1378 2132 1489 2212 arguat

161 2217 259 2297 lacti,
293 2217 443 2285 defensor
462 2213 583 2303 aliquid
604 2222 744 2301 opponat
769 2216 810 2280 de
831 2211 951 2280 tribus:
985 2222 1127 2282 autnon
1148 2237 1218 2284 esse
1247 2220 1388 2299 iactum,
1421 2229 1486 2296 sut,

163 2312 192 2380 si
204 2311 246 2379 sit
260 2310 395 2387 lactum,
416 2309 502 2377 aliud
518 2311 585 2375 eius
606 2307 680 2375 facti
700 2327 817 2375 nomen
838 2329 923 2385 esse.
947 2316 1001 2375 aut
1021 2312 1092 2376 iure
1114 2332 1182 2378 esse
1202 2312 1340 2381 iactum.¹
1379 2318 1488 2401 ltaque

163 2415 218 2475 aut
237 2405 376 2473 infitialis
397 2413 453 2471 aut
474 2404 696 2470 coniecturalis
719 2406 819 2491 prima
833 2404 1023 2490 appelletur3
1044 2403 1222 2484 definitiva,
1243 2408 1360 2490 altera;
1381 2411 1486 2489 tertis,

163 2503 308 2589 quamvis
332 2500 501 2567 molestum
522 2519 640 2566 nomen
661 2496 723 2565 boc
751 2501 806 2576 sit,
840 2498 1023 2566 iuridicialis
1052 2509 1193 2569 vocetur.
1234 2505 1335 2572 XXV.
1371 2507 1490 2570 Harum

126 2617 332 2669 sscanwum
352 2594 484 2689 prqpria
504 2600 688 2681 argumenta
709 2614 749 2660 ex
769 2595 808 2660 iis
829 2602 955 2678 sumpta
974 2593 1071 2672 locis,
1102 2615 1182 2681 quos
1204 2601 1426 2684 exposuimus,
1456 2603 1490 2667 in

162 2692 342 2782 praeceptis
364 2688 511 2757 oratoriis
534 2691 688 2775 explicata
708 2698 791 2756 suut.
833 2691 883 2757 93.
904 2689 1064 2757 Reintatio
1085 2698 1191 2757 antem
1211 2694 1435 2771 accusationis,
1457 2697 1490 2761 in

164 2807 228 2874 qna
253 2792 303 2852 est
331 2784 475 2873 depulsio
503 2783 662 2860 criminis,
695 2782 844 2870 quoniam
868 2786 986 2851 Graeca
1007 2785 1124 2863 στάσις
1145 2787 1277 2865 dicitur,
1312 2789 1491 2873 appelletur

93 2896 96 2900 “
163 2881 275 2949 Latine
297 2887 417 2960 status;
450 2882 485 2946 in
506 2898 570 2966 quo
592 2878 730 2964 primum
751 2877 865 2944 insistit
886 2878 977 2965 quasi
997 2882 1037 2945 ad
1058 2884 1300 2967 repugnandum
1322 2903 1490 2970 congressa

165 2974 319 3044 defensio.
362 2980 463 3062 Atque
492 2972 586 3039 etiam
616 2972 649 3038 in
678 2971 956 3039 deliberationibus
986 2982 1018 3040 et
1036 2972 1269 3044 laudationibus
1291 2976 1387 3044 iidem
1409 2979 1491 3044 exsi-

128 3079 251 3141 ssstuut
272 3077 379 3139 status.
420 3072 501 3135 Nam
521 3079 552 3135 et
575 3077 731 3153 negantur
751 3087 845 3156 saepe
867 3089 905 3134 ea
926 3066 1049 3145 lutura,
1072 3091 1154 3154 qnae
1176 3067 1343 3159 abaliquo
1366 3073 1399 3138 iu
1420 3093 1491 3138 seu·

164 3169 261 3234 tentia
282 3164 461 3231 dictasunt
482 3162 568 3238 fore.
595 3165 622 3229 si
644 3171 700 3229 aut
720 3165 848 3229 omnino
871 3160 942 3228 lieri
964 3182 1028 3229 non
1049 3172 1183 3250 possunt
1202 3173 1258 3230 eut
1279 3165 1347 3232 sine
1370 3187 1491 3233 summa

166 3259 350 3329 difficultate
382 3280 447 3325 uon
481 3267 623 3343 possunt.
675 3261 713 3324 ln
745 3279 810 3345 qua
841 3257 1116 3342 argumentatione
1143 3268 1242 3326 status
1271 3262 1490 3328 coniecturalis

46 3348 52 3359 ’
168 3356 304 3424 exsistit.
349 3357 402 3422 9l.
425 3357 482 3431 At,
505 3375 577 3420 cum
592 3353 710 3441 aliquid
725 3350 765 3419 de
786 3351 935 3428 utilitate,
957 3355 1137 3430 honestate,
1159 3358 1315 3442 aequitate
1329 3355 1492 3422 disseritur

167 3454 270 3539 deque
297 3448 336 3516 iis
364 3452 476 3524 rebus,
498 3470 590 3538 tqnae
617 3447 667 3515 bis
695 3453 768 3513 sunt
797 3448 997 3524 contrariae,
1030 3447 1199 3515 incurrunt
1219 3458 1317 3517 status
1338 3460 1393 3519 aut
1412 3453 1491 3517 iuria

130 3554 221 3614 ssent
241 3544 399 3625 nominis;
435 3548 521 3633 qnod
550 3547 635 3610 idem
665 3544 820 3627 contingit
846 3543 880 3608 in
905 3541 1148 3611 laudationibus.
1191 3548 1270 3611 Nam
1300 3555 1354 3612 aut
1382 3546 1491 3631 negari

166 3647 273 3728 potest
293 3642 327 3707 id
347 3640 465 3708 iactum
486 3661 575 3717 esse,
597 3641 684 3727 quod
704 3637 868 3716 laudetur,
901 3646 1040 3705 autnon
1062 3659 1101 3707 eo
1122 3642 1250 3708 nomine
1271 3639 1488 3720 afficiendum,

238 3987 861 4051 asesdt,1s‚vstts,tsv:eatbalt.
893 4011 920 4023 -
952 3987 1383 4054 ³.erottediriqsssdasbdl.
1406 3989 1490 4050 Valla,

168 4062 233 4116 avr
252 4060 394 4124 dtrtqaada
414 4061 503 4111 oratio
522 4059 631 4111 elb-
648 4060 676 4111 1.
696 4059 965 4124 colliqesstssrsbd,
984 4059 1031 4111 Gr.
1046 4059 1086 4122 lt,
1104 4061 1167 4112 BV:
1187 4063 1347 4127 colliqasstar
1364 4061 1493 4111 alli.-

167 4135 195 4186 b.
216 4132 343 4184 instituto
361 4134 448 4182 anum
466 4132 587 4196 aequitas
606 4130 763 4182 Sabutsluss
784 4133 909 4182 institute
928 4137 1016 4181 amem
1032 4133 1175 4196 aequitatis
1193 4132 1219 4188 l,
1251 4132 1386 4184 lustttsstle
1402 4140 1492 4184 aetem

168 4200 1493 4270 1111911118111111111111011.111111.-’1.1111111111111,111.,11.Ν1111111111111

169 4275 213 4327 ili
232 4285 291 4325 eum
310 4275 404 4325 ceteris
422 4275 488 4325 mals
509 4272 578 4323 lidd.
600 4272 755 4336 praeterii.
792 4272 844 4325 Cir.
865 4272 899 4324 de
916 4273 1005 4323 Dtsln.
1024 4275 1058 4336 1,
1076 4274 1111 4332 1,
1132 4274 1158 4324 1.
1182 4298 1214 4310 -·
1247 4276 1327 4323 stiam
1345 4286 1401 4325 om.
1420 4272 1439 4323 1.
1460 4298 1491 4312 -

168 4358 263 4397 cassas
281 4357 335 4396 am.
354 4343 474 4404 abde.
495 4342 562 4402 Gr..
581 4342 648 4416 Bp.
667 4343 809 4395 Victorius.
845 4342 899 4396 Nos
917 4342 1082 4395 seclusimus.
1114 4341 1172 4408 (Vs.
1190 4343 1277 4410 Atque
1294 4346 1375 4395 astans
1391 4369 1404 4382 ·
1420 4367 1432 4379 ·
1448 4357 1493 4394 ne-

170 4418 261 4482 quites
278 4415 433 4466 nominatas
458 4421 594 4480 tamquam
612 4414 726 4465 absurda
743 4414 853 4466 seclusit
871 4412 945 4478 seb.)
975 4437 1002 4450 -
1037 4413 1079 4465 11.
1099 4428 1156 4466 casn
1173 4416 1229 4474 sl.
1249 4415 1315 4466 nv:
1342 4422 1400 4466 tam
1418 4414 1492 4465 bda

171 4488 252 4539 11.-
271 4497 318 4536 aas
335 4484 419 4545 adl.
438 4486 591 4538 Victorius:
610 4485 660 4535 baa
678 4497 739 4536 cum
755 4485 938 4538 111111111-
959 4483 1003 4534 17.
1022 4483 1106 4537 loeas
1124 4487 1288 4536 laudationis
1305 4484 1343 4546 b.
1362 4485 1435 4537 unda
1452 4498 1492 4538 se·

172 4557 297 4609 clusimus
313 4570 339 4609 v.
356 4558 427 4622 111111.
439 4580 472 4594 -
491 4557 536 4608 19.
554 4559 723 4609 instruantur
740 4570 776 4628 p:
796 4557 942 4607 instinctas
955 4553 1016 4620 (alc)
1034 4570 1067 4615 a,
1087 4559 1264 4607 instaurantur
1281 4556 1412 4607 bdelli
1432 4569 1491 4608 cnm

171 4627 241 4680 lldd.
261 4626 395 4679 omnibus.
412 4652 447 4662 -
477 4642 544 4691 qaas
562 4629 591 4677 in
609 4627 699 4687 ade,
718 4626 789 4698 Bp,
818 4626 910 4687 Valla,
940 4626 1004 4678 BV:
1031 4629 1061 4677 tn
1088 4630 1152 4688 (nm.
1172 4623 1253 4690 qaae)
1271 4626 1375 4691 bqsll.
1395 4651 1426 4663 -
1445 4626 1491 4679 97.

173 4697 299 4760 quoniam
317 4698 435 4760 abda,
465 4698 532 4755 tin,
561 4697 625 4748 BV:
656 4711 722 4762 qaas
740 4696 768 4758 1,
795 4696 883 4758 Valla,
903 4698 935 4748 li.
964 4720 997 4735 -
1027 4698 1176 4760 appelletur
1194 4699 1289 4749 Latias
1306 4700 1371 4756 sd,
1399 4696 1490 4754 Valla,

172 4767 238 4890 Βῖ1
258 4768 522 4891 ἓρέοϋαεανιαείω
539 4767 568 4832 1,
586 4768 681 4824 Latine
698 4769 846 4834 appelletur
863 4768 953 4820 beli.
974 4794 1004 4806 -
1030 4768 1075 4820 31.
1094 4769 1135 4820 bis
1153 4767 1180 4832 1,
1199 4769 1292 4832 Vella,
1310 4768 1352 4829 ll,
1371 4766 1438 4820 Bva
1456 4768 1491 4819 111

173 4851 190 4892 s
231 4849 246 4890 c
311 4873 318 4890 .
