3216 5400
186 216 248 284 tlt
684 214 738 280 DE
758 215 1002 284 INVENTIONE

183 379 240 444 Est
270 395 347 460 ergo
376 375 546 460 assumptio
576 372 748 460 quaedam,
783 395 862 459 quas
890 372 1127 458 approbationis
1161 395 1225 439 non
1257 372 1392 458 indiget3
1430 394 1504 438 nam

184 473 340 557 quandam
370 470 510 552 indigere
540 471 740 555 perspicuum
770 478 827 534 est.
873 472 1022 554 separata
1044 476 1092 532 est
1112 466 1210 551 igitur
1231 466 1269 531 ab
1292 467 1506 554 assumptione

183 565 379 650 approbatio.
422 563 545 628 l'alsum
568 585 644 647 ergo
667 573 731 640 est,
755 584 818 629 non
841 584 910 628 esse
932 562 1000 648 plus
1023 582 1116 648 quam
1138 561 1324 646 tripartitam
1339 582 1508 645 argumen-

183 657 344 723 tationem.
387 660 546 724 xxxvss.
576 662 628 722 66.
660 661 762 744 Atque
789 680 828 723 ex
857 657 905 722 bis
926 654 1003 722 illud
1024 657 1085 720 iam
1107 655 1308 740 perspicuum
1331 667 1396 731 est,
1433 675 1504 720 esse

160 749 337 838 ‘quandam
365 752 687 836 argumentationem,
721 751 754 816 iu
781 774 843 838 qua
867 773 971 839 neque
998 750 1175 837 propositio
1205 770 1310 836 neque
1332 751 1504 834 assumptio

181 844 320 930 indigeat
340 849 594 932 approbationis,
628 845 823 922 huiusmodi,
854 854 889 911 ut
909 853 1029 911 certum
1051 844 1200 930 quiddam
1223 856 1254 909 et
1276 848 1373 909 breve
1396 864 1507 908 exem-

179 942 225 1027 pli
248 962 341 1007 causa
361 960 531 1027 ponamus:
556 943 588 1006 Si
601 962 725 1006 summo
740 961 837 1023 opere
852 939 1002 1027 sapientia
1017 942 1152 1025 petenda
1168 949 1234 1014 est,
1257 959 1382 1005 summo
1406 957 1506 1024 opere

181 1034 309 1104 stultitia
331 1037 456 1100 vitanda
477 1043 541 1100 est:
565 1056 689 1101 summo
711 1043 814 1099 autem
836 1055 934 1120 opere
955 1037 1107 1120 sapientia
1128 1036 1263 1119 petenda
1285 1042 1349 1098 est:
1381 1053 1505 1098 summo

180 1128 276 1213 igitur
296 1149 393 1215 opere
416 1129 546 1195 stultitia
566 1131 693 1194 vitanda
714 1137 771 1194 cst.
815 1130 877 1193 Hic
908 1137 940 1193 et
966 1130 1137 1214 assumptio
1167 1134 1199 1192 et
1226 1125 1401 1213 propositio
1433 1147 1507 1208 per-

142 1226 287 1312 sospicua
309 1233 372 1304 est;
404 1244 502 1311 quare
523 1231 635 1290 neutra
655 1244 781 1310 quoque
801 1221 921 1305 indiget
942 1222 1178 1309 approbatione.
1220 1225 1271 1286 Ex
1291 1222 1378 1285 bisce
1401 1222 1505 1285 omni-

180 1321 240 1387 bus
260 1317 339 1384 illud
360 1316 561 1405 perspicuum
583 1325 646 1393 est,
667 1315 926 1403 approbationem
947 1325 1014 1382 tum
1034 1315 1177 1399 adiungi,
1200 1325 1266 1380 tum
1282 1336 1346 1380 non
1359 1317 1502 1399 adiungi.

179 1415 228 1479 Ex
248 1434 311 1498 quo
335 1413 536 1496 cognoscitur
555 1434 660 1497 neque
681 1411 715 1476 in
736 1412 953 1498 propositione
975 1431 1076 1496 neque
1098 1411 1131 1475 in
1159 1411 1374 1493 assumptione
1405 1412 1507 1474 conti·

179 1507 251 1573 ueri
271 1505 549 1593 approbationem,
572 1509 627 1571 sed
649 1514 812 1593 utramque
833 1528 890 1572 suo
914 1509 985 1572 loco
1007 1507 1142 1592 positum
1164 1506 1227 1569 vim
1242 1524 1330 1569 suam
1347 1514 1505 1589 tamquam

180 1609 299 1667 certam
321 1612 352 1667 et
373 1602 532 1686 propriam
554 1601 709 1666 obtinere.
756 1601 878 1678 Quodsi
898 1603 943 1665 ita
963 1609 1026 1673 est,
1048 1597 1213 1666 commode
1235 1597 1341 1684 partiti
1362 1605 1434 1662 sunt
1448 1597 1504 1672 illi,

57 1693 59 1699 ’
142 1696 235 1784 oqui
256 1699 289 1760 in
311 1697 450 1784 quinque
471 1703 575 1780 partes
598 1696 827 1760 distribuerunt
847 1693 1160 1780 argumentationem.

263 1794 316 1856 67.
341 1791 488 1875 Quinque
509 1796 581 1853 sunt
601 1788 696 1872 igitur
717 1797 821 1874 partes
844 1791 911 1854 eius
932 1787 1230 1873 argumentationis,
1265 1808 1346 1874 quae
1372 1807 1429 1874 per
1455 1810 1504 1853 ra·

178 1885 414 1952 tiooinationem
435 1890 600 1948 tractatur:
634 1884 828 1969 Propositio,
859 1905 1031 1972 perquam
1053 1883 1141 1949 locus
1163 1884 1189 1947 is
1210 1884 1351 1947 breviter
1372 1884 1503 1967 exponi-

179 1988 246 2056 tur,
282 1999 322 2044 ex
354 1997 417 2062 quo
450 1976 498 2043 ris
530 1975 632 2042 omnis
665 1986 790 2063 oportet
823 1988 946 2044 emanet
978 1979 1242 2055 ratiocinationis;
1279 1974 1504 2063 propositionis

82 2081 87 2092 ’
179 2073 385 2159 approbatio,
408 2090 466 2157 per
488 2091 581 2158 quam
602 2068 652 2146 id,
676 2074 761 2156 quod
783 2069 924 2138 breviter
944 2075 1123 2158 expositum
1145 2079 1207 2144 est,
1230 2068 1406 2137 rationibus
1420 2070 1505 2136 altir-

141 2176 297 2243 aomatum
319 2165 516 2251 probabilius
537 2172 568 2230 et
588 2165 726 2249 apertius
747 2163 800 2243 tie
836 2169 1028 2253 assumptio,
1062 2186 1121 2252 per
1148 2186 1242 2251 quam
1267 2168 1318 2241 id,
1355 2167 1440 2250 quod
1463 2186 1504 2230 ex

178 2261 395 2350 propositione
417 2261 457 2322 ad
479 2256 708 2323 ostendendum
735 2262 886 2345 pertinet,
919 2261 1105 2327 assumitur:
1140 2259 1362 2346 assumptionis
1390 2279 1504 2345 appro-

178 2354 280 2429 batio,
303 2374 466 2440 perquam
482 2354 532 2426 id,
554 2354 640 2438 quod
654 2363 846 2439 assumptum
860 2364 922 2429 est,
945 2355 1119 2421 rationibus
1132 2352 1291 2431 firmatur;
1314 2356 1502 2440 complexio,

177 2468 236 2536 per
258 2469 351 2533 quam
372 2448 423 2521 id,
458 2447 543 2532 quod
565 2443 728 2511 conficitur
751 2467 790 2513 ex
812 2449 898 2514 omni
920 2449 1205 2533 argumentatione,
1243 2447 1383 2513 breviter
1405 2468 1505 2534 erpo·

178 2547 275 2610 nitur.
322 2544 411 2620 Quae
438 2540 588 2626 plurimas
619 2539 716 2605 babet
746 2544 973 2625 argumentatio
1003 2553 1128 2630 partes,
1167 2565 1205 2607 ea
1232 2550 1354 2607 constat
1386 2563 1426 2606 ex
1454 2544 1504 2606 bis

141 2641 319 2727 esquinque
341 2636 499 2720 partibus;
530 2632 666 2699 secunda
687 2643 736 2701 est
756 2637 999 2721 quadripartita3
1031 2637 1121 2702 tertia
1143 2637 1320 2723 tripartita3
1360 2636 1432 2698 dein
1455 2635 1504 2698 bi·

178 2735 309 2819 partita;
342 2732 428 2817 quod
455 2730 487 2792 in
518 2730 732 2794 controversia
762 2740 820 2795 est.
864 2736 911 2796 De
932 2753 995 2797 una
1018 2753 1145 2817 quoque
1167 2740 1255 2818 parte
1277 2736 1382 2815 potest
1410 2727 1503 2792 alicui

178 2828 280 2892 sideri
313 2843 407 2910 posse
436 2824 616 2889 consistere.
659 2827 835 2890 xxxvtll.
860 2829 910 2891 68.
941 2829 1060 2891 Eorum
1089 2828 1201 2910 igitur,
1235 2844 1315 2910 quae
1344 2829 1503 2896 constant,

179 2921 325 3005 exempla
346 2922 520 3004 ponemus,
543 2919 677 2992 horum,
701 2939 782 3001 quae
805 2916 900 2983 dubia
921 2927 1007 2994 sunt,
1029 2920 1166 2985 rationes
1181 2918 1360 2983 alleremus.
1404 2916 1504 2993 Quin·

179 3015 354 3102 quepartita
376 3013 604 3095 argumentatio
626 3018 674 3077 est
695 3010 892 3078 huiusmodi:
927 3015 1045 3080 Omnes
1066 3017 1170 3099 leges,
1198 3012 1333 3085 iudices,
1356 3008 1397 3075 ad
1418 3031 1505 3075 com·

143 3112 309 3184 mmodum
330 3109 379 3172 rei
400 3105 544 3192 publicae
567 3107 687 3170 reterre
709 3114 837 3191 oportet
861 3116 893 3171 et
920 3129 973 3173 eas
995 3131 1035 3174 ex
1063 3111 1197 3174 utilitate
1227 3103 1403 3180 communi,
1439 3126 1505 3168 non

180 3224 222 3269 ex
243 3201 431 3287 scriptione,
461 3222 540 3288 quae
563 3204 596 3264 in
617 3200 730 3266 litteris
752 3211 813 3277 est,
836 3201 1048 3290 interpretari.
1092 3207 1137 3269 Ea
1159 3204 1244 3267 enim
1264 3202 1381 3266 virtute
1403 3205 1436 3263 et
1456 3219 1504 3263 sa·

180 3294 299 3380 pientia
319 3297 454 3360 maiores
476 3298 576 3360 nostri
597 3294 740 3370 suerunt,
774 3305 809 3360 ut
836 3299 869 3361 in
899 3296 1019 3383 legibus
1041 3295 1214 3363 scribendis
1236 3294 1314 3360 nibil
1335 3291 1396 3358 sibi
1417 3295 1504 3357 aliud

179 3391 242 3454 nisi
270 3388 400 3454 salutem
433 3398 527 3476 atque
554 3390 718 3456 utilitatem
749 3393 795 3454 rei
825 3392 969 3477 publicae
999 3398 1225 3479 proponerent.
1269 3394 1379 3476 Neque
1419 3390 1503 3453 enim

179 3485 260 3569 ipsi,
284 3485 368 3570 quod
390 3479 532 3558 obesset,
554 3484 693 3549 scribere
715 3486 880 3562 volebant3
907 3494 954 3562 et,
976 3489 1003 3552 si
1026 3489 1239 3572 scripsissent,
1261 3505 1332 3551 cum
1354 3491 1437 3548 esset
1457 3485 1506 3546 in·

143 3605 171 3651 35
181 3578 358 3654 tellectum,
389 3580 587 3664 repudiatum
609 3581 648 3643 iri
669 3581 772 3663 legem
794 3580 1019 3666 intelligebant.
1062 3585 1162 3647 Nemo
1184 3582 1268 3646 enirn
1290 3579 1377 3662 leges
1397 3579 1505 3663 legum

181 3693 275 3738 eausa
301 3675 403 3738 salvas
431 3695 500 3737 esse
530 3672 608 3749 vult,
647 3676 703 3739 sed
726 3675 774 3738 rei
795 3675 955 3760 publicae,
988 3678 1074 3762 quod
1097 3699 1139 3742 ex
1159 3673 1280 3761 legibus
1303 3693 1414 3739 omnes
1436 3693 1505 3738 rem

179 3769 338 3855 publicam
360 3770 479 3854 optime
500 3776 611 3854 putant
631 3771 853 3834 administrari.
899 3771 1000 3847 Quam
1022 3768 1064 3834 ob
1085 3791 1154 3835 rem
1175 3771 1270 3854 igitur
1284 3767 1370 3853 leges
1385 3767 1507 3833 serrari

181 3869 322 3948 oportet,
354 3864 393 3925 ad
422 3884 491 3926 eam
514 3883 639 3927 causam
662 3865 778 3948 scripta
799 3866 905 3930 omnia
926 3867 1124 3952 interpretari
1146 3866 1310 3931 convenit:
1347 3864 1411 3928 hoc
1433 3869 1500 3935 est,

181 3958 329 4042 quomam
353 3958 399 4020 rei
421 3955 567 4039 publicae
589 3959 762 4034 servimus,
787 3981 826 4023 ex
849 3962 895 4023 rei
917 3957 1061 4046 publicae
1075 3962 1246 4025 commodo
1260 3966 1353 4045 atque
1369 3956 1504 4021 utilitate

142 4079 172 4122 es
184 4046 291 4134 [leges]
316 4052 571 4135 interpretemur.
615 4055 693 4116 Nam
721 4060 757 4115 ut
784 4075 826 4117 ex
855 4056 1009 4118 medicina
1031 4054 1109 4119 nibil
1132 4060 1258 4140 oportet
1277 4059 1388 4138 putare
1410 4047 1506 4135 proli·

181 4144 272 4217 cisci,
309 4146 368 4208 nisi
392 4147 476 4229 quod
498 4148 538 4208 ad
560 4148 702 4232 corporis
724 4146 888 4215 utilitatem
911 4156 1043 4234 spectet,
1080 4149 1228 4234 quoniam
1251 4149 1319 4212 eius
1341 4151 1505 4211 causaest

179 4239 338 4318 instituta;
375 4241 420 4304 sio
441 4262 460 4304 a
481 4240 602 4326 legibus
624 4244 703 4306 nibil
727 4245 875 4308 convenit
896 4242 1061 4320 arbitrari,
1095 4247 1156 4308 nisi
1181 4246 1267 4332 quod
1289 4242 1504 4328 reipublicae

181 4337 353 4410 conducat,
377 4333 548 4420 proficisci,
571 4337 721 4423 quoniam
744 4339 811 4402 eius
833 4359 925 4404 causa
947 4347 1020 4403 sunt
1041 4347 1252 4425 comparatae.
1295 4341 1347 4402 69.
1371 4339 1454 4421 Ergo
1471 4336 1504 4397 in

179 4430 241 4495 hoc
261 4449 389 4516 quoque
411 4431 529 4496 iudicio
551 4434 682 4499 desinite
703 4432 821 4500 litteras
843 4434 922 4520 legis
949 4434 1142 4521 perscrutari
1170 4444 1202 4501 et
1230 4435 1353 4519 legem,
1389 4439 1423 4497 ut
1451 4450 1505 4496 ae·

250 4659 295 4710 11.
313 4660 537 4727 approbationem]
560 4665 596 4714 od
612 4667 805 4727 propositiones
822 4664 858 4724 P,
887 4664 925 4716 ad
938 4666 1148 4730 propositionem
1164 4663 1221 4715 AT.
1242 4661 1309 4728 (tuos
1327 4660 1440 4724 odiuuqt
1455 4674 1503 4724 op·

179 4727 361 4791 probationem
373 4731 419 4792 lt.)
431 4759 464 4772 -
483 4736 526 4785 15.
538 4738 627 4796 portis
645 4736 795 4787 tribuerunt
812 4734 891 4785 Par.
903 4759 933 4772 —·
953 4737 995 4786 18.
1007 4737 1200 4800 propositionis
1218 4748 1271 4786 our.
1284 4734 1377 4784 Pblll
1392 4735 1501 4793 alitque.

182 4795 357 4857 (servarimus
377 4812 484 4866 propter
501 4818 577 4868 seqq.
597 4809 782 4867 assumptionis
793 4807 974 4869 approbatio.)
995 4831 1023 4842 -
1044 4807 1088 4858 26.
1107 4821 1162 4858 ussa
1179 4818 1282 4871 quoquo
1298 4806 1336 4866 A,
1358 4810 1387 4854 ut
1406 4802 1501 4859 arser.

182 4892 216 4904 -
234 4867 276 4920 11.
295 4867 337 4933 aa]
356 4876 380 4924 st
398 4873 461 4925 Bru.
482 4889 589 4939 operas.
604 4901 635 4914 -
654 4877 699 4927 tt).
719 4877 787 4942 teges
807 4889 859 4928 om.
878 4876 971 4928 aaut
989 4877 1087 4944 alitque
1105 4877 1192 4930 multi.
1229 4876 1282 4932 Nos
1300 4875 1467 4929 seclusimus.
