3216 5400
160 218 223 284 348
733 220 900 285 -BRUTUS

160 398 231 445 mea
251 378 330 454 lert,
364 397 457 444 sucus
478 377 530 445 ille
552 385 584 444 et
604 378 731 463 sanguis
751 377 952 466 incorruptus
973 401 1073 465 nsque
1095 383 1135 445 ad
1157 384 1237 446 hanc
1258 388 1393 447 aetatem
1416 401 1488 448 ora·

160 482 264 539 torum
283 472 361 549 luit,
385 476 419 538 in
433 495 493 561 qun
515 473 664 540 naturalis
686 476 819 548 inesset,
851 495 915 539 non
945 473 1068 539 fucatus
1093 477 1188 539 nitor.
1232 477 1284 539 37.
1316 474 1487 540 Phalereus

160 566 244 632 onim
266 567 415 633 successit
436 571 480 633 eis
503 571 632 633 senibus
662 566 862 646 adolescens,
899 569 1128 634 eruditissimus
1149 568 1201 633 ille
1223 566 1350 654 quidem
1373 572 1486 634 horum

161 661 318 739 omnium,
342 661 398 727 sed
417 683 480 728 non
503 671 566 728 tam
588 661 684 728 armis
698 661 856 728 institutus
871 684 964 750 quam
980 666 1145 749 palaestra.
1190 666 1299 750 ltaque
1313 661 1488 729 delectabat

138 757 260 841 imagis
285 759 503 832 Athenienses,
538 777 633 841 quam
661 754 892 835 inflammabat3
927 766 1126 844 processerat
1153 761 1236 824 enim
1263 760 1296 822 in
1326 757 1427 824 solem
1456 766 1487 822 et
1534 795 1538 804 ‚

160 853 323 937 pulverem
344 872 408 916 non
429 860 465 915 ut
486 874 503 915 e
527 851 655 916 militari
682 853 903 928 tabernaculo,
938 851 994 917 sed
1014 862 1049 918 ut
1070 876 1088 919 e
1110 852 1337 940 Theophrasti,
1372 853 1487 919 doctis-

161 947 232 1010 simi
258 944 411 1022 hominis,
444 944 646 1012 umbraculis.
688 948 739 1011 38.
770 947 830 1010 llic
859 949 977 1032 primus
1004 945 1124 1012 iullexit
1153 947 1327 1013 orationem
1357 956 1390 1012 et
1418 969 1486 1013 eam

160 1040 288 1104 mollem
316 1047 517 1127 teneramque
547 1037 682 1105 reddidit
714 1048 746 1104 et
773 1040 894 1117 suavis,
928 1041 1009 1106 sicut
1028 1039 1107 1119 luit,
1139 1040 1239 1107 videri
1262 1042 1372 1107 maluit
1393 1064 1484 1129 quam

161 1132 281 1218 gravis:
304 1135 359 1198 sed
379 1136 532 1198 suavitate
554 1155 609 1208 ea,
633 1152 694 1218 qua
715 1132 921 1215 perfunderet
939 1135 1077 1210 animos,
1101 1155 1165 1200 non
1179 1155 1242 1221 qua
1255 1132 1484 1220 perfringeret3

123 1236 279 1292 aotantum
299 1235 334 1292 ut
354 1226 540 1292 memoriam
562 1224 779 1291 concinnitatis
801 1248 889 1302 suae,
912 1250 994 1306 non,
1018 1226 1283 1316 quemadmodum
1305 1234 1344 1295 de
1366 1229 1485 1296 Pericle

160 1325 286 1406 scripsit
312 1321 459 1409 Eupolis,
497 1343 568 1385 curn
598 1319 805 1387 delectatione
830 1323 956 1389 aculeos
984 1323 1078 1390 etiam
1105 1322 1297 1407 relinqueret
1318 1323 1352 1388 in
1374 1324 1485 1389 animis

159 1435 289 1493 eorum,
321 1437 339 1481 a
361 1416 475 1502 quibus
497 1425 581 1480 esset
601 1419 736 1481 auditus.

242 1515 282 1578 X.
305 1513 357 1575 39.
388 1513 525 1578 Videsne
546 1510 658 1595 igitur,
690 1511 722 1576 in
745 1531 783 1575 ea
803 1510 870 1597 ipsa
891 1516 989 1587 urbe,
1022 1513 1056 1576 in
1078 1532 1141 1596 qua
1162 1519 1194 1576 et
1215 1520 1286 1576 nata
1308 1520 1340 1577 et
1361 1509 1421 1576 alta
1444 1510 1485 1577 sit

159 1605 353 1692 eloquentia,
390 1626 483 1692 quam
511 1624 549 1670 ea
577 1625 649 1672 sero
677 1607 832 1689 prodierit
858 1607 891 1671 in
919 1607 1044 1670 lucem?
1080 1604 1235 1691 siquidem
1263 1613 1336 1670 ante
1359 1604 1484 1672 Solonis

121 1717 150 1758 11
158 1709 293 1767 aetatem
314 1708 346 1765 et
366 1699 518 1765 Pisistrati
540 1704 579 1765 de
601 1699 687 1766 nullo
709 1708 744 1764 ut
764 1700 881 1767 diserto
903 1699 1074 1765 memoriae
1100 1702 1261 1784 proditum
1289 1709 1346 1765 est
1388 1703 1430 1763 At
1451 1699 1485 1765 bi

158 1796 304 1882 quidem,
337 1802 372 1859 ut
398 1795 508 1880 populi
537 1796 671 1860 Romani
699 1801 784 1860 actm
811 1803 875 1871 est,
913 1815 1022 1869 senes,
1060 1801 1095 1858 ut
1116 1792 1354 1859 Atheniensium
1377 1793 1483 1860 secula

157 1896 380 1964 numerantur,
403 1890 618 1954 adolescentes
629 1890 746 1954 debent
760 1887 872 1956 rideri.
917 1892 995 1953 Nam
1011 1887 1070 1953 etsi
1086 1887 1198 1953 Servio
1213 1887 1316 1953 Tullio
1330 1896 1484 1972 regnante

157 1982 346 2068 viguerunt,
370 1992 473 2047 tamen
493 1985 595 2048 multo
617 1985 735 2050 diutius
757 1986 899 2048 Athenae
921 1983 983 2049 ium
1006 1989 1107 2057 erant,
1139 2002 1232 2066 qnam
1254 1990 1302 2046 est
1322 1986 1423 2048 Roma
1445 1985 1486 2048 ad

157 2075 346 2143 hodiernum
367 2076 469 2142 diem:
494 2098 553 2142 nec
574 2086 677 2144 tamen
700 2078 829 2154 dubito,
854 2080 930 2164 quin
951 2077 1098 2142 habuerit
1118 2077 1181 2141 vim
1197 2096 1343 2160 magnam
1358 2097 1486 2164 semper

120 2173 272 2236 somno.
316 2174 368 2236 to.
393 2175 502 2256 Neque
524 2173 608 2238 enim
626 2173 688 2238 iam
704 2175 825 2239 Troicis
840 2173 1035 2258 temporibus
1049 2177 1169 2235 tantum
1185 2168 1285 2235 laudis
1300 2171 1333 2233 in
1349 2169 1483 2236 dicendo

158 2263 240 2330 Ulixi
260 2262 420 2332 tribuisset
440 2269 597 2333 llomerus
620 2277 653 2334 et
674 2271 817 2342 Nestori,
841 2286 976 2353 quorum
994 2264 1126 2330 alterum
1148 2265 1212 2328 vim
1234 2262 1352 2329 hahere
1375 2264 1484 2340 voluit,

158 2358 291 2425 alterum
312 2365 516 2438 suavitatem,
554 2365 615 2427 nisi
636 2362 698 2429 iam
720 2372 786 2428 tum
808 2369 891 2426 esset
911 2363 1014 2424 honos
1035 2359 1251 2444 eloquentiae;
1289 2379 1392 2446 neque
1415 2360 1485 2443 ipse

157 2461 250 2540 po'e'ta
279 2455 330 2518 hic
358 2461 421 2519 tam
449 2453 534 2520 idem
561 2463 688 2521 ornatus
711 2457 744 2521 in
766 2456 899 2522 dicendo
921 2476 958 2519 ac
980 2454 1073 2538 plane
1096 2462 1204 2518 orator
1224 2452 1346 2519 luisset.
1389 2455 1485 2520 Cuius

158 2548 217 2613 etsi
243 2550 363 2614 ineerta
390 2558 462 2614 sunt
491 2559 648 2637 tempora,
681 2560 787 2617 umen
815 2553 903 2616 anuis
926 2550 1030 2617 multis
1053 2551 1112 2614 luit
1134 2558 1207 2615 ante
1229 2550 1417 2616 Romulum:
1457 2551 1485 2615 si

120 2643 285 2730 mquidem
306 2664 370 2707 non
392 2643 474 2710 inira
497 2646 693 2732 superiorem
716 2649 896 2732 Lycurgum
918 2646 993 2721 luit,
1017 2667 1113 2732 aquo
1137 2654 1185 2709 est
1204 2643 1368 2728 disciplina
1388 2648 1486 2711 Lace-

157 2737 394 2804 daemoniorum
417 2738 563 2805 adstricta
585 2739 720 2825 legibus.
764 2745 817 2805 st.
843 2738 903 2804 Sed
925 2741 1062 2805 studium
1084 2739 1151 2804 eius
1173 2742 1300 2823 generis
1320 2740 1484 2827 maiorque

157 2832 204 2899 vis
227 2832 407 2916 agnoscitur
427 2836 459 2898 in
480 2837 652 2900 Pisistrato.
697 2837 839 2920 Denique
861 2838 944 2898 hunc
965 2823 1121 2920 proximo
1134 2834 1239 2898 seculo
1260 2834 1485 2899 Themistocles

156 2927 313 2992 insecutus
335 2936 398 3001 est,
428 2937 463 2993 ut
484 2933 567 3014 apud
589 2950 663 3004 nos,
693 2929 921 3016 perantiquus,
946 2937 981 2994 ut
1002 2928 1085 3015 apud
1107 2930 1331 3007 Athenienses,
1356 2952 1420 2994 non
1443 2933 1484 2995 ita

157 3042 231 3086 sane
254 3029 353 3087 vetus.
396 3025 468 3090 Fuit
490 3026 574 3088 enim
596 3032 748 3108 regnante
769 3023 831 3088 iam
849 3023 993 3096 Graecia,
1017 3036 1123 3089 nostru
1145 3033 1251 3088 autem
1274 3023 1399 3089 civitate
1421 3045 1484 3089 non

120 3118 199 3183 eiu
221 3115 343 3202 pridem
366 3119 526 3183 dominatu
547 3121 636 3203 regio
660 3116 801 3184 liberata.
847 3122 926 3182 Nam
956 3117 1074 3183 bellum
1104 3117 1289 3186 Volscorum
1312 3117 1391 3184 illud
1414 3140 1485 3204 gra·

158 3211 338 3284 vissimum,
373 3214 422 3276 cui
452 3214 635 3278 Coriolanus
668 3212 758 3278 exsul
784 3213 944 3289 interluit,
984 3216 1095 3277 eodem
1125 3210 1192 3277 lere
1224 3219 1383 3299 tempore,
1421 3233 1484 3300 quo

157 3307 323 3370 Persarum
346 3304 484 3383 bellum,
518 3307 595 3385 fuit3
634 3307 806 3393 similisque
826 3306 952 3372 fortuna
974 3306 1130 3372 clarorum
1152 3307 1304 3372 virorum.
1346 3311 1399 3373 tu.
1437 3309 1485 3371 Si·

158 3400 283 3485 quidem
305 3405 438 3489 uterque
460 3423 530 3466 cum
553 3402 630 3468 civis
652 3402 797 3488 egregius
820 3400 945 3476 luisset,
969 3401 1078 3487 populi
1099 3400 1212 3485 ingrati
1234 3401 1341 3486 pulsus
1360 3402 1483 3478 iniuria,

158 3516 193 3561 se
214 3499 254 3562 ad
275 3499 380 3562 hostes
403 3496 534 3561 contulit
565 3505 773 3580 conatumque
803 3497 982 3560 iracundiae
1004 3516 1079 3561 suae
1102 3503 1202 3559 morte
1229 3499 1361 3561 sedavit.
1406 3501 1484 3561 Nam

121 3590 218 3657 ³⁸etsi
240 3590 331 3656 aliter
352 3590 432 3677 opud
456 3600 486 3656 te
508 3600 569 3666 est,
598 3593 717 3668 Attice,
751 3594 790 3655 de
814 3592 1001 3664 Coriolano,
1034 3592 1176 3655 concede
1198 3597 1319 3666 tamen,
1357 3599 1393 3654 ut
1413 3593 1485 3656 huic

158 3685 265 3772 generi
280 3687 390 3750 mortis
405 3686 509 3769 potius
524 3685 686 3751 assentiar.
730 3687 787 3749 Xl.
811 3690 851 3750 At
864 3685 916 3750 ille
931 3684 1056 3761 ridens,
1074 3689 1142 3750 Tuo
1158 3705 1247 3757 vcro,
1263 3687 1382 3768 inquit,
1401 3683 1485 3750 arbi-

156 3789 258 3856 tratu;
296 3780 444 3866 quoniam
471 3782 597 3864 quidem
628 3801 812 3845 concessum
834 3788 881 3844 est
904 3777 1083 3844 rhetoribus
1105 3777 1250 3843 ementiri
1271 3781 1304 3841 in
1326 3778 1482 3853 historiis,

156 3884 192 3940 ut
213 3872 331 3959 aliquid
352 3874 458 3938 dicere
481 3874 601 3959 possint
621 3877 773 3958 argutius.
804 3876 856 3941 ,Ut
877 3873 961 3937 enim
984 3882 1017 3938 tu
1039 3895 1122 3937 nunc
1151 3876 1190 3938 de
1220 3871 1404 3948 Coriolano,
1438 3876 1482 3938 sic

158 3970 349 4041 Clitarchus,
378 3971 422 4032 sic
445 3971 613 4033 Stratocles
636 3968 675 4032 de
697 3968 908 4032 Themistocle
932 3966 1032 4033 fiuxit.
1076 3971 1250 4043 13113111,
1285 3988 1379 4053 quem
1402 3966 1483 4032 Thu-

119 4061 300 4152 ttoydides,
325 4065 379 4147 qui
401 4071 433 4127 et
453 4061 652 4127 Atheniensis
676 4071 742 4127 erat
764 4071 795 4127 et
817 4083 940 4127 summo
963 4065 1033 4128 loco
1056 4073 1146 4129 natus
1169 4083 1373 4146 summusque
1390 4061 1484 4127 viret

156 4159 261 4245 paullo
283 4168 384 4222 aetate
406 4160 578 4244 posterior,
601 4166 719 4223 tantum
741 4165 899 4222 mortuum
921 4159 1044 4242 scripsit
1059 4166 1089 4221 et
1103 4156 1135 4221 in
1151 4159 1251 4222 Attica
1273 4155 1353 4221 olam
1375 4156 1484 4223 huma-

158 4260 243 4328 tum,
278 4251 397 4318 addidit
419 4250 517 4316 luisse
540 4251 749 4337 suspicionem
771 4270 894 4316 veneno
916 4249 977 4316 sihi
999 4249 1187 4316 conscivisse
1217 4259 1370 4316 mortem:
1403 4249 1485 4317 hunc

228 4531 255 4579 2.
282 4533 310 4580 trs
328 4544 379 4595 quo
404 4531 508 4583 volebat
533 4532 639 4582 Relztus
668 4530 742 4592 prob,
767 4531 872 4581 Peloro.
903 4556 931 4568 -
962 4530 988 4582 e.
1013 4530 1201 4593 perstreperet
1224 4527 1266 4586 Ι).
1294 4527 1345 4578 GP·
1365 4532 1391 4581 l·
1420 4531 1481 4582 Sch-

162 4599 263 4662 Meyer.
275 4627 302 4639 -
325 4603 369 4652 10.
384 4609 407 4653 et
421 4607 525 4652 tontum
538 4601 640 4652 «Codd.
652 4608 678 4653 et
690 4601 759 4652 Edd.
773 4613 864 4652 omnes
878 4597 967 4662 (ettam
978 4600 1039 4658 m.»
1053 4599 1159 4650 Purra.
1174 4599 1361 4650 Stletssllendt.
1381 4600 1414 4652 Ut
1425 4615 1481 4661 nos,

161 4669 297 4723 Massurius
318 4680 343 4723 et
364 4671 504 4723 Guilelmto
523 4679 630 4723 anctore
650 4672 682 4721 11.
702 4698 734 4708 -
754 4671 796 4722 13.
816 4677 848 4720 ut
866 4674 894 4721 io
911 4686 941 4722 so
959 4671 1043 4723 Codd.
1065 4683 1157 4722 omnes
1177 4676 1204 4720 et
1222 4670 1255 4718 u.
1276 4670 1395 4723 Correxit
1412 4672 1483 4724 Ano·

34 4790 38 4801 ,
160 4752 254 4805 uymus
272 4743 342 4802 apud
363 4744 510 4794 corradum
530 4751 555 4793 et
574 4744 604 4794 ll.
625 4738 675 4805 (uel
692 4744 721 4792 in
739 4756 771 4792 oa
790 4737 962 4806 lleusloger.)
982 4768 1012 4780 -
1033 4741 1077 4792 to.
1095 4741 1169 4790 reeta
1186 4755 1200 4791 e
1220 4740 1304 4791 Codd.
1325 4741 1358 4790 T.
1379 4767 1409 4780 -
1438 4745 1481 4793 ut.

164 4808 238 4861 ursos
255 4811 331 4862 llbrtr
355 4812 442 4875 illyres·
461 4813 491 4864 B.
512 4836 543 4849 -
574 4812 619 4862 31.
640 4813 849 4863 clarissimorum
867 4811 937 4863 Crat.
952 4811 1046 4863 hamb.
1066 4818 1158 4862 contra
1178 4809 1262 4861 Codd.
1283 4817 1369 4863 notos.
1387 4837 1416 4848 -
1436 4814 1480 4866 35.

165 4881 237 4946 opud
254 4887 280 4933 tr
297 4889 334 4934 ert
354 4881 440 4934 codd.
461 4890 562 4935 tantum
580 4896 634 4935 uon
652 4895 742 4936 ornnes
760 4891 786 4938 et
804 4881 849 4936 R:
868 4887 906 4936 est
922 4884 995 4949 opud
1014 4889 1039 4936 ts
1056 4882 1123 4937 Ten.
1142 4882 1168 4936 2.
1189 4881 1248 4934 Tot.
1270 4880 1361 4938 Ottob.
1381 4881 1413 4933 lt.
