3232 5392
181 197 245 262 304
716 199 770 263 ΒΕ
792 198 981 266 ΟΒΑΤΟΙιΕ

181 363 264 422 runt.
308 358 393 423 Vero
415 356 500 423 enim
522 359 659 434 oratori,
694 379 774 444 qnae
796 368 867 424 sunt
888 361 921 425 in
942 360 1105 424 hominum
1134 360 1215 436 vita,
1248 356 1503 444 quandoquidem

180 449 212 516 in
235 470 273 515 ea
295 461 437 518 versatur
458 460 565 518 orator
584 461 678 540 atque
700 475 738 519 ea
759 462 807 519 cst
828 456 858 518 ei
879 457 1019 520 subiecta
1041 454 1203 528 materies,
1226 456 1329 518 omnia
1351 456 1505 540 quaesita,

180 545 302 623 audita,
338 545 436 622 lecta,
471 546 640 632 disputata,
674 556 817 621 tractata,
851 549 965 632 agitata
995 568 1064 614 esse
1085 545 1212 613 debent.
1257 552 1309 613 55.
1344 553 1399 612 Est
1421 547 1505 613 enim

181 639 358 727 eloquentia
380 661 441 705 una
464 640 616 720 quaedam
639 646 677 708 de
699 642 828 709 summis
857 645 1039 720 virtutibns;
1076 661 1264 728 quamquam
1295 650 1367 707 snnt
1396 663 1506 708 omnes

158 734 311 801 svirtutes
332 733 479 820 aequales
501 743 533 798 et
552 755 660 821 pares,
682 740 738 802 sed
759 745 864 800 tamen
887 745 935 800 est
955 739 1076 824 species
1097 737 1158 802 alia
1176 737 1274 821 magis
1289 735 1349 802 alia
1364 735 1506 804 formosa

180 837 212 895 et
241 826 388 905 illustris;
425 829 505 893 sicut
537 830 616 894 haec
648 830 713 907 vis,
753 849 834 917 quac
867 831 1029 896 scientiam
1062 830 1227 916 complexa
1255 851 1377 908 rernm,
1412 851 1505 896 sensa

179 922 292 988 mentis
314 930 346 987 et
367 921 497 988 consilia
518 922 564 988 sic
584 925 690 990 serbis
712 923 864 1007 explicat,
899 932 934 988 ut
955 944 1026 997 eos,
1061 927 1116 1012 qni
1137 924 1281 1000 audiant,
1315 943 1503 1010 quocunque

177 1017 372 1089 incubuerit,
406 1016 506 1101 possit
537 1017 718 1104 impellera;
752 1037 832 1103 qnae
859 1038 922 1104 quo
952 1016 1052 1083 maior
1079 1026 1127 1084 est
1148 1021 1212 1095 vis,
1246 1021 1308 1083 hoc
1331 1012 1378 1084 est
1401 1019 1501 1103 magis

177 1108 333 1195 probitate
355 1108 513 1194 iungenda
534 1132 717 1197 summaque
738 1113 925 1196 prudentia;
950 1132 1084 1197 quarum
1099 1111 1250 1177 virtulum
1274 1109 1454 1197 expertibus
1476 1113 1503 1175 si

140 1203 301 1270 redicendi
324 1204 446 1290 copiam
467 1204 705 1281 tradiderimus,
728 1227 793 1270 non
815 1226 870 1271 eos
893 1207 1019 1291 quidem
1041 1214 1182 1271 oratores
1207 1205 1423 1281 effecerimus,
1447 1204 1501 1271 sed

176 1296 352 1365 furentibus
372 1300 526 1384 quaedam
548 1321 634 1366 arma
649 1298 837 1365 dederimus.
880 1300 948 1365 XV.
972 1302 1023 1365 56.
1046 1302 1153 1376 Hanc,
1176 1301 1321 1384 inquam,
1346 1299 1503 1386 cogitandi

177 1393 462 1481 pronuntiandique
484 1392 640 1459 rationem
662 1394 788 1480 vimque
811 1393 935 1459 dicendi
957 1400 1080 1460 veteres
1102 1395 1212 1460 Graeci
1240 1394 1424 1480 sapientiam
1445 1414 1504 1460 no-

177 1489 347 1554 minabant.
389 1490 470 1553 Hinc
499 1488 544 1554 illi
573 1489 722 1578 Lycurgi,
757 1491 830 1553 hinc
859 1486 984 1562 Pittaci,
1015 1487 1090 1554 hinc
1112 1487 1245 1555 Solones
1268 1498 1361 1576 atque
1380 1486 1421 1556 ab
1443 1491 1503 1554 hac

177 1584 379 1650 similitudine
402 1582 588 1648 Coruncanii
603 1585 719 1658 nostri,
741 1581 894 1658 Fabricii,
920 1584 1071 1660 Catones,
1094 1584 1258 1669 Scipiones
1273 1581 1416 1659 luerunt,
1439 1604 1503 1649 non

138 1685 239 1742 astam
262 1675 395 1742 sortasse
417 1673 501 1741 docti
523 1677 578 1741 sed
599 1676 719 1762 impetu
740 1679 853 1742 mentis
875 1673 970 1742 simili
990 1683 1022 1741 et
1042 1676 1216 1742 voluntate.
1261 1676 1379 1742 Eadem
1398 1688 1502 1743 autem

176 1770 230 1837 alii
261 1769 427 1857 prudentia
454 1768 509 1834 sed
538 1771 670 1835 consilio
699 1773 739 1835 ad
762 1771 843 1836 vitae
865 1767 968 1835 studia
988 1768 1106 1856 dispari
1128 1770 1265 1857 quietem
1287 1781 1381 1857 atque
1404 1775 1503 1839 otium

177 1867 295 1939 secuti,
327 1871 362 1929 ut
382 1862 589 1951 Pythagoras,
623 1867 836 1939 Democritus,
869 1865 1088 1948 Anaxagoras,
1118 1867 1303 1950 a-regendis
1324 1868 1503 1932 civitatibus

177 1965 261 2023 totos
282 1979 316 2023 se
337 1959 377 2022 ad
399 1956 611 2042 cognitionem
624 1979 738 2040 rerum
760 1957 1003 2038 transtulerunt3
1027 1977 1108 2046 quae
1130 1963 1192 2025 vita
1208 1968 1338 2045 propter
1352 1959 1504 2045 tranquil-

177 2051 295 2117 litatem
316 2059 347 2117 et
368 2059 497 2136 propter
517 2053 617 2135 ipsius
640 2053 787 2116 scientiae
809 2053 1010 2128 suavitatem,
1046 2072 1108 2139 qna
1139 2052 1219 2119 nihil
1248 2062 1295 2120 est
1321 2056 1503 2119 hominibus

138 2144 360 2219 reiucnndius,
383 2142 504 2229 plures,
527 2165 621 2231 quam
636 2144 711 2210 utile
726 2144 785 2209 fuit
799 2147 894 2209 rebus
909 2145 1058 2230 publicis,
1081 2145 1258 2213 delectavit.
1302 2152 1355 2214 57.
1379 2151 1500 2234 ltaque,

176 2247 212 2307 ut
244 2242 273 2303 ei
306 2240 409 2304 studio
443 2260 477 2305 se
510 2238 782 2306 excellentissimis
814 2241 947 2325 ingeniis
978 2241 1121 2306 homines
1152 2240 1358 2318 dediderunt,
1396 2262 1436 2306 ex
1465 2261 1503 2306 ea

176 2355 297 2402 summa
312 2331 456 2398 facultate
472 2333 562 2399 vacui
577 2354 612 2398 ac
627 2332 718 2400 liberi
737 2332 889 2416 temporis
910 2332 1009 2400 multo
1030 2334 1133 2421 plura,
1157 2357 1250 2421 quam
1273 2344 1341 2401 erat
1361 2357 1500 2410 necesse,

177 2428 349 2495 doctissimi
378 2428 523 2492 homines
553 2426 620 2494 otio
649 2426 746 2492 nimio
776 2436 808 2491 et
827 2427 962 2511 ingeniis
983 2428 1153 2494 uberrimis
1175 2429 1338 2496 affluentes
1361 2433 1499 2496 curanda

176 2519 237 2587 sibi
271 2542 339 2587 esse
367 2540 404 2584 ac
431 2518 609 2606 quaerenda
638 2529 672 2586 et
697 2518 912 2606 investiganda
940 2525 1111 2588 duxerunt.
1156 2526 1234 2590 Nam
1261 2532 1352 2590 vetus
1374 2524 1500 2610 quidem

139 2635 167 2677 ss
176 2615 230 2683 illa
260 2616 401 2682 doctrina
431 2617 542 2686 eadem
570 2616 695 2682 ridetur
715 2622 748 2680 et
768 2623 853 2680 recte
874 2611 1011 2681 laciendi
1034 2626 1064 2682 et
1085 2615 1167 2683 bene
1189 2618 1313 2684 dicendi
1336 2620 1500 2704 magistra3

176 2731 281 2796 neque
312 2707 459 2774 disiuncti
487 2711 648 2784 doctores,
686 2711 742 2775 sed
770 2708 867 2773 iidem
897 2719 986 2774 erant
1010 2711 1136 2777 vivendi
1164 2722 1387 2796 praeceptores
1409 2721 1501 2798 atque

176 2803 317 2879 dicendi,
349 2811 385 2869 nt
404 2801 459 2868 ille
479 2808 564 2888 apud
586 2807 761 2871 Homerum
781 2803 944 2879 Phoenix,
979 2806 1033 2891 qui
1054 2826 1089 2870 se
1110 2827 1129 2871 a
1150 2805 1243 2872 Peleo
1270 2815 1360 2889 patre
1389 2805 1501 2871 Achilli

174 2901 282 2966 iuveni
302 2898 449 2965 comitem
472 2918 541 2964 esse
563 2895 668 2965 datum
689 2896 766 2965 dicit
785 2901 826 2965 ad
847 2897 984 2975 bellum,
1022 2899 1165 2965 utillum
1192 2899 1332 2966 efficeret
1360 2908 1502 2967 orato·

175 3017 256 3061 rem
284 2995 499 3060 verborum
526 3001 780 3078 actoremque
808 3013 950 3059 rerum.
996 2994 1047 3060 58.
1080 2997 1143 3060 Sed
1170 3003 1206 3060 nt
1225 2996 1371 3061 homines
1391 2993 1500 3059 labore

138 3092 301 3161 soassidno
324 3096 356 3153 et
377 3085 561 3174 quotidiano
583 3091 713 3164 assueti,
736 3107 806 3154 cum
828 3085 1021 3173 tempestatis
1043 3106 1137 3153 causa
1157 3109 1254 3175 opere
1275 3091 1500 3176 prohibentur,

175 3183 215 3251 ad
237 3183 334 3271 pilam
356 3202 390 3247 se
412 3184 525 3248 autad
547 3181 627 3247 talos
648 3185 762 3247 autad
784 3191 918 3247 tesseras
940 3180 1108 3246 conferunt
1128 3185 1290 3248 autetiam
1307 3185 1500 3250 novumsibi

175 3277 235 3365 ipsi
264 3279 401 3363 aliquem
431 3279 610 3360 excogitant
638 3278 671 3342 in
693 3277 759 3344 otio
780 3274 901 3350 ludum,
940 3274 984 3341 sic
1005 3275 1090 3341 illia
1112 3276 1247 3361 negotiis
1268 3277 1402 3363 publicis
1424 3286 1500 3342 tam·

175 3392 268 3459 quam
291 3375 331 3437 ab
354 3391 452 3455 opere
474 3379 529 3434 aut
550 3368 744 3454 temporibus
767 3369 884 3437 exclusi
905 3377 958 3433 aut
979 3370 1137 3435 voluntate
1158 3392 1215 3436 sua
1235 3370 1338 3437 feriati
1360 3380 1444 3438 totos
1466 3395 1500 3437 se

175 3466 229 3533 alii
250 3469 290 3531 ad
312 3473 437 3552 potetas,
460 3464 513 3529 alii
535 3467 576 3528 ad
597 3474 789 3549 geometras,
812 3464 864 3529 alii
879 3462 919 3530 ad
933 3467 1069 3529 musicos
1088 3465 1301 3542 contulerunt,
1323 3466 1375 3532 alii
1392 3467 1498 3544 etiam,

139 3570 211 3628 aaut
232 3561 403 3636 dialectici,
426 3578 544 3624 novum
565 3560 625 3622 sibi
647 3558 708 3644 ipsi
729 3561 866 3624 studium
887 3556 1058 3644 ludumque
1080 3568 1271 3645 pepererunt
1292 3569 1386 3646 atque
1408 3561 1441 3624 in
1462 3561 1500 3625 iis

175 3653 310 3730 artibus,
333 3674 414 3740 quae
435 3661 579 3738 repertae
601 3661 690 3730 sunt,
714 3661 749 3719 ut
769 3672 939 3738 puerorum
962 3661 1082 3717 mentes
1104 3653 1142 3718 ad
1165 3653 1388 3720 humanitatem
1404 3653 1501 3739 linge·

174 3757 286 3815 rentur
308 3757 400 3834 atque
422 3751 588 3821 virtutem,
621 3767 716 3813 omno
737 3755 860 3831 tempus
881 3756 975 3834 atque
996 3756 1115 3813 aetates
1137 3768 1209 3813 suas
1230 3754 1500 3831 consumpserunt.

174 3846 258 3911 XVI.
283 3845 335 3908 59.
370 3844 432 3906 Sed
462 3838 548 3925 quod
578 3849 666 3906 erant
693 3839 819 3927 quidam
846 3840 931 3927 iique
960 3841 1065 3916 multi,
1098 3841 1153 3929 qui
1182 3853 1234 3908 aut
1262 3843 1294 3907 in
1317 3842 1500 3928 republica

173 3945 303 4025 propter
330 3935 514 4018 ancipitem,
548 3955 628 4019 quae
656 3955 720 4002 non
749 3944 852 4021 potest
874 3955 943 3998 esse
966 3936 1121 4013 seiuncta,
1156 3935 1291 4002 faciendi
1313 3937 1500 4024 dicendique

135 4033 371 4117 eesapientiam,
393 4027 560 4104 llorerenl,
582 4037 617 4092 ut
638 4027 881 4104 Themistocles,
904 4036 940 4092 ut
960 4027 1110 4104 Pericles,
1136 4039 1172 4096 nt
1192 4031 1411 4108 Theramenes,
1435 4041 1498 4108 aut,

175 4128 229 4214 qui
251 4127 353 4190 minus
375 4122 436 4207 ipsi
458 4127 491 4187 in
512 4142 548 4187 re
569 4122 697 4206 publiea
718 4129 933 4196 versarentur,
971 4120 1026 4188 sed
1048 4125 1139 4188 huius
1161 4133 1265 4190 tamen
1288 4126 1428 4192 eiusdem
1450 4148 1500 4191 sa·

100 4230 105 4239 ’
173 4221 308 4308 pientiae
332 4222 476 4284 doctores
498 4224 616 4292 essent,
643 4225 679 4282 nt
702 4218 849 4301 Gorgias,
878 4217 1147 4304 Thrasymachus,
1177 4221 1345 4286 Isocrates:
1380 4222 1499 4288 inventi

245 4496 271 4545 1.
296 4494 361 4544 Vero
379 4491 401 4542 Β
419 4491 536 4556 alttqnea
559 4489 653 4541 Verum
664 4490 720 4542 llll.
740 4487 819 4555 (Vero
837 4471 904 4542 ιιιίιι
924 4503 986 4543 vero
1004 4504 1018 4543 s
1037 4490 1089 4543 Gn·
1103 4493 1128 4543 1.
1142 4491 1169 4542 Β.
1186 4491 1344 4557 Schutrtns.)
1356 4521 1389 4532 -
1407 4497 1434 4548 7.
1453 4497 1499 4562 qut

174 4566 278 4630 quidem
298 4565 412 4614 audiant
431 4563 464 4612 ll.
489 4558 615 4624 (audiunt
637 4569 728 4613 eontra
750 4562 829 4613 libros
853 4562 950 4624 lunta,
975 4561 1136 4625 Scbtttztus.)
1164 4589 1194 4601 -
1216 4567 1258 4614 11.
1277 4563 1399 4630 inquam]
1419 4582 1499 4630 quam

174 4634 238 4700 Lag.
259 4634 394 4698 ptertque,
414 4647 463 4698 qus
480 4633 545 4696 Lag.
565 4639 709 4697 quattuor.
731 4645 784 4684 om.
804 4634 867 4696 ιιι.
888 4633 931 4683 as.
969 4633 1057 4684 llrbet
1076 4636 1137 4699 ιιι.
1159 4634 1203 4686 93.
1224 4640 1251 4686 et
1268 4636 1300 4685 n.
1338 4638 1373 4688 Ex
1393 4639 1413 4687 B
1433 4640 1499 4689 ntbtt

175 4712 295 4757 neutum
309 4711 366 4764 ert,
386 4704 470 4764 adso,
489 4712 518 4755 ut
534 4705 654 4754 rtdsrtur
673 4703 780 4755 habere.
795 4728 826 4739 ·-
845 4702 890 4753 st.
910 4705 1061 4754 coruncani
1078 4706 1110 4757 B.
1131 4730 1160 4742 -
1181 4707 1224 4758 te.
1241 4705 1386 4771 prudentio
1404 4710 1452 4759 otta·
1466 4709 1496 4761 11.

176 4801 205 4814 ·-
227 4776 271 4825 ιι.
290 4771 334 4838 ac]
354 4778 378 4823 et
396 4773 426 4824 Β.
447 4798 478 4811 -
508 4772 552 4824 28.
572 4772 648 4825 illum
666 4787 718 4824 om·
737 4775 768 4824 B.
788 4799 822 4809 —
848 4773 893 4825 33.
912 4776 1060 4827 voluntates
1077 4789 1138 4829 reor
1154 4776 1186 4829 Β.
1207 4800 1239 4814 -
1261 4779 1304 4830 ιθ.
1325 4784 1349 4828 st
1367 4781 1497 4835 Parietes.-

175 4852 204 4898 ιιι
223 4847 255 4897 Β.
277 4871 306 4883 -
325 4850 372 4895 out
391 4846 502 4911 quiaque
520 4845 550 4896 B.
571 4871 603 4883 -·
622 4844 666 4897 ll·
686 4842 731 4897 sed
749 4849 779 4896 ut
796 4844 873 4895 buius
892 4845 923 4898 Β.
