3216 5400
231 230 301 329 lca
770 235 824 299 nn
846 232 1032 299 carrona

237 403 286 465 ius
308 394 402 462 civile
423 401 476 461 aut
497 413 564 460 rem
586 394 754 458 militarem
782 391 873 460 iubes
903 396 1045 459 disceret
1082 396 1161 457 Nam
1190 394 1261 481 quis
1287 395 1327 459 ad
1356 395 1415 460 ista
1443 414 1567 462 summa

237 505 331 581 atque
353 493 386 557 in
409 490 494 555 omni
516 509 632 575 genere
654 486 792 575 perlecta
814 496 919 572 potest
939 489 1124 576 perveniret
1162 490 1242 553 Tum
1272 487 1344 564 ille,
1374 492 1443 573 Ego
1466 511 1564 568 vero,

235 589 356 675 inquit,
387 587 471 672 qnod
493 585 525 649 in
548 587 639 649 vobis
661 585 819 669 egregiam
842 588 998 670 quandam
1020 604 1056 647 ac
1078 581 1272 670 praeclaram
1293 581 1432 650 indolem
1454 582 1496 650 ad
1518 585 1566 651 di-

237 684 371 747 cendum
392 700 461 745 esse
483 681 637 764 cognovi,
673 679 791 743 idcirco
814 675 892 743 haec
915 680 1050 762 exposui
1077 679 1203 756 omnia;
1241 700 1300 743 nec
1323 680 1421 763 magis
1445 677 1485 743 ad
1508 701 1564 746 eos

214 774 462 851 deterrendos,
496 773 636 860 quinon
659 781 804 857 possent,
829 794 921 860 wem
944 771 1083 850 advos,
1108 775 1162 857 qui
1183 775 1337 859 possetis,
1361 777 1564 842 exacuendos

236 867 470 936 accommodavi
493 871 669 933 orationem
691 889 811 946 meam3
843 876 874 933 et
895 888 1084 954 quamquam
1105 867 1137 933 in
1159 874 1295 954 utroque
1317 873 1456 936 vestrum
1478 885 1564 937 sum·

235 986 322 1030 mum
345 985 414 1030 esse
435 963 597 1049 ingenium
627 962 827 1050 studiumque
854 963 1019 1050 perspexi,
1056 970 1161 1027 tamen
1189 960 1285 1038 haec,
1319 982 1399 1048 quae
1430 972 1504 1030 sunt
1530 963 1564 1031 iu

228 1058 339 1143 'specie
354 1060 475 1143 posita,
499 1059 672 1143 dequibus
694 1059 786 1141 plura
807 1056 941 1123 tortasse
963 1057 1047 1133 dixi,
1072 1077 1165 1140 quam
1187 1056 1289 1122 solent
1312 1057 1423 1121 Graeci
1445 1060 1563 1135 dicere,

232 1155 266 1218 in
281 1162 331 1230 te,
355 1154 489 1240 Sulpici,
512 1151 617 1218 divina
639 1160 720 1218 sunt.
765 1154 836 1221 132.
857 1155 925 1237 Ego
942 1151 1026 1217 enim
1041 1149 1200 1216 neminem
1219 1169 1280 1216 nec
1301 1159 1389 1215 motu
1412 1152 1563 1236 corporis

190 1266 336 1334 seneque
369 1245 438 1332 ipso
471 1246 581 1313 habitu
611 1255 705 1333 atque
734 1243 836 1311 lorma
858 1245 1012 1332 aptiorem
1033 1266 1092 1311 nec
1113 1266 1193 1310 voce
1215 1244 1393 1329 pleniorem
1415 1254 1470 1311 aut
1490 1267 1565 1314 sua·

232 1341 355 1410 viorem
388 1343 466 1406 mihi
495 1339 607 1407 videor
635 1339 773 1419 audisse;
811 1362 892 1427 quae
914 1342 1030 1429 quibus
1051 1363 1070 1405 a
1091 1348 1204 1406 natura
1225 1340 1350 1405 minora
1371 1343 1444 1405 data
1465 1347 1560 1416 sunt,

231 1446 338 1503 nmen
368 1434 446 1502 illud
474 1437 599 1523 assequi
623 1443 769 1522 possunt,
804 1443 839 1501 ut
861 1434 919 1512 iis,
954 1455 1034 1521 quae
1056 1437 1192 1509 habent,
1226 1433 1350 1499 modice
1373 1443 1404 1499 et
1424 1432 1564 1500 scienter

231 1542 357 1599 ntantan
380 1539 411 1596 et
424 1537 511 1596 utne
528 1529 688 1595 dedeceat.
731 1530 768 1595 Id
790 1528 874 1594 enim
896 1535 944 1593 cst
965 1530 1101 1594 maxime
1122 1530 1285 1594 vitandum
1307 1526 1400 1593 etde
1422 1527 1483 1593 laoc
1496 1545 1563 1592 nuo

231 1626 361 1692 minime
384 1633 432 1690 est
451 1622 543 1689 facila
564 1623 750 1708 praecipere
771 1644 836 1691 non
858 1622 935 1688 milri
957 1626 1072 1700 modo,
1097 1625 1151 1710 qui
1173 1624 1255 1689 sicut
1275 1644 1357 1688 nnus
1378 1619 1565 1709 paterfami-

191 1732 222 1778 '1⁵
232 1721 290 1787 lias
311 1720 362 1786 his
385 1716 542 1785 derebus
564 1721 694 1806 loquor,
717 1716 773 1785 sed
797 1717 891 1783 etiam
913 1717 974 1802 ipsi
996 1717 1043 1783 illi
1064 1718 1198 1797 Rosci03
1233 1737 1327 1803 quem
1350 1737 1444 1801 saepe
1465 1718 1561 1783 audio

231 1815 337 1880 dicere
359 1823 453 1898 caput
474 1834 544 1879 esse
567 1816 643 1879 artis
666 1812 798 1892 decere;
834 1811 920 1901 quod
949 1821 1054 1878 tamen
1076 1834 1173 1878 unum
1195 1813 1228 1879 id
1250 1833 1335 1888 esse,
1370 1809 1456 1897 quod
1478 1809 1563 1876 tradi

231 1916 298 1974 arte
320 1930 385 1974 non
406 1909 516 1991 possit.
563 1910 635 1972 133.
671 1908 747 1983 Sed,
784 1906 811 1973 si
832 1910 951 1993 placet,
988 1926 1168 1973 sermonem
1195 1908 1258 1972 alio
1280 1904 1507 1974 transferamus
1529 1912 1562 1970 et

230 2012 339 2070 nostro
362 2023 451 2070 more
473 2003 660 2089 aliquando,
682 2022 747 2067 nou
769 1999 945 2077 rhetorico,
968 2003 1148 2088 loquamur.

314 2099 442 2179 Minime
471 2118 565 2171 vero,
600 2096 703 2183 inquit
732 2096 833 2161 Cotta.
877 2100 967 2162 Nunc
990 2098 1075 2161 enim
1098 2095 1212 2162 teiam
1236 2116 1407 2161 exoremus
1429 2113 1561 2161 necesse

191 2202 298 2270 coest,
322 2191 470 2280 quoniam
491 2194 608 2258 retines
631 2210 688 2255 nos
710 2191 743 2254 in
761 2194 824 2256 hoc
845 2190 950 2257 studio
972 2213 1031 2256 nec
1053 2194 1093 2257 ad
1115 2191 1209 2256 aliam
1231 2189 1361 2257 dimittis
1383 2199 1504 2267 artem,
1526 2196 1563 2257 nt

230 2289 322 2355 nobis
351 2289 507 2372 explices,
543 2284 696 2373 quidquid
723 2292 771 2350 est
798 2283 898 2361 istud,
932 2288 1017 2370 quod
1044 2289 1131 2352 tuin
1154 2284 1289 2351 dicando
1312 2293 1421 2372 potes;
1457 2305 1561 2374 neque

230 2384 316 2452 enim
348 2402 455 2447 snmus
482 2382 576 2446 nimis
603 2379 703 2457 avidi;
741 2378 801 2444 ista
822 2388 874 2444 tua
897 2380 1050 2446 mediocri
1072 2380 1253 2466 eloquentia
1276 2384 1414 2446 contenti
1437 2402 1559 2457 sumus,

229 2478 325 2565 idque
347 2499 387 2543 en
409 2484 440 2541 te
463 2473 660 2561 quaerimus,
700 2471 745 2558 (ut
766 2496 806 2539 ne
828 2474 900 2558 plus
922 2495 979 2540 nos
1001 2495 1227 2560 assequamur,
1258 2495 1351 2560 quam
1374 2478 1561 2561 quantulum

228 2576 318 2640 tuin
341 2575 474 2639 dicendo
501 2576 659 2635 assecutus
692 2571 760 2648 es,)
794 2571 959 2655 qnoniam,
992 2590 1074 2654 qnae
1095 2591 1113 2635 a
1135 2577 1246 2636 natura
1268 2566 1447 2656 expetenda
1469 2577 1560 2656 sunt,

193 2681 268 2734 esea
290 2665 367 2733 dicis
389 2687 454 2732 non
475 2664 567 2730 nimis
589 2662 700 2729 deesse
721 2665 829 2738 nobis,
852 2662 928 2750 quid
947 2672 1109 2751 praeterea
1135 2685 1203 2730 esse
1217 2667 1440 2730 assumendum
1454 2673 1558 2753 putes.

229 2763 332 2826 XXX.
359 2763 431 2825 131.
470 2764 549 2824 Tum
580 2760 708 2824 Crassus
735 2759 895 2833 arridens,
932 2760 1016 2836 Quid
1038 2779 1163 2836 censos,
1197 2758 1317 2844 inquit,
1354 2761 1462 2835 Cotta,
1499 2760 1560 2825 nisi

229 2857 367 2922 studium
390 2863 421 2919 et
442 2855 590 2919 ardorem
612 2855 767 2938 quendam
788 2851 929 2918 amorist
961 2855 1028 2918 sine
1050 2875 1113 2942 quo
1136 2873 1208 2919 cum
1228 2855 1262 2920 iu
1285 2853 1349 2919 vita
1371 2853 1449 2918 nihil
1470 2851 1561 2938 quid-

229 2970 322 3036 quam
344 2949 525 3034 egreginm,
563 2955 629 3012 tum
651 2956 734 3012 certe
756 2946 833 3024 hoc,
869 2945 954 3031 quod
976 2957 1009 3012 tu
1032 2951 1167 3035 expetis,
1197 2969 1291 3014 nemo
1315 2968 1453 3033 unquam
1475 2968 1561 3015 asse·

229 3054 353 3132 quetur.
396 3046 507 3127 Neque
529 3062 605 3107 vero
628 3061 685 3107 vos
707 3044 746 3107 ad
769 3062 839 3108 cam
866 3062 936 3108 rem
964 3044 1057 3109 rideo
1089 3063 1158 3109 esse
1187 3045 1420 3122 cohortand0s3
1459 3064 1559 3130 qnos,

192 3154 300 3204 socum
323 3134 400 3203 mihi
421 3155 548 3221 quoque
569 3135 636 3201 sitis
658 3135 800 3214 molesti,
824 3136 918 3202 nimis
939 3137 1034 3204 etiam
1055 3135 1188 3224 flagrare
1210 3138 1350 3223 intelligo
1372 3139 1557 3222 cupiditate.

231 3237 303 3299 1³5.
328 3230 391 3296 Sed
420 3229 563 3313 prolecto
592 3230 696 3296 studia
723 3230 803 3295 nihil
832 3241 964 3318 prosunt
985 3233 1188 3319 perveniendi
1210 3234 1335 3322 aliquo,
1373 3230 1435 3296 nisi
1457 3231 1557 3309 illud,

229 3331 316 3415 quod
338 3347 394 3403 eo,
430 3343 493 3409 quo
515 3323 675 3401 intendas,
703 3323 782 3390 lerat
803 3324 1015 3415 deducatque,
1050 3327 1208 3411 cognoris.
1253 3330 1373 3406 Quare,
1407 3328 1560 3413 quoniam

229 3424 305 3487 mihi
333 3420 434 3488 levius
464 3422 623 3506 quoddam
648 3441 729 3487 onus
751 3421 912 3508 imponitis
933 3442 1036 3508 neque
1059 3444 1099 3489 ex
1120 3445 1171 3489 me
1194 3421 1233 3490 de
1255 3424 1392 3489 oratoris
1414 3431 1481 3489 arte
1502 3426 1560 3492 sed

230 3519 270 3581 de
291 3519 350 3579 hac
373 3534 460 3591 mea,
485 3514 758 3603 quantulacunque
773 3525 836 3593 est,
859 3517 1006 3583 facultate
1021 3521 1189 3605 quaeritis,
1213 3539 1372 3602 exponam
1387 3515 1480 3583 robis
1494 3539 1559 3586 non

193 3608 386 3698 aequandam
400 3616 454 3673 aut
474 3612 726 3696 perreconditam
749 3618 803 3676 aut
824 3610 914 3677 valde
938 3611 1098 3678 difficilem
1120 3621 1174 3678 aut
1195 3611 1393 3699 magnificam
1414 3621 1469 3679 aut
1489 3633 1561 3700 gra·

232 3725 303 3771 vem
323 3706 479 3768 rationem
502 3704 737 3771 consuetudinis
758 3726 863 3784 meae,
897 3728 960 3793 qua
982 3711 1141 3793 quondam
1163 3708 1274 3774 solitus
1295 3729 1364 3775 snm
1387 3707 1451 3784 uti,
1487 3728 1560 3776 cum

230 3797 306 3865 milri
328 3801 360 3863 in
381 3798 442 3863 isto
464 3797 567 3863 studio
589 3803 708 3866 versari
729 3800 920 3866 adolescenti
941 3802 1067 3869 licebat.
1112 3804 1183 3868 136.
1212 3806 1292 3869 Tum
1321 3804 1496 3888 Sulpicius,
1530 3806 1558 3871 0

230 3891 332 3970 diem,
356 3896 459 3969 Cotta,
480 3891 589 3970 nobis,
612 3893 731 3979 inquit,
754 3900 912 3982 optatnmt
937 3897 1023 3984 quod
1038 3897 1123 3965 enim
1138 3918 1240 3986 neque
1254 3899 1402 3987 precibus
1417 3921 1558 3990 unquam

230 4009 288 4053 nec
314 3985 491 4053 insidiando
519 4008 578 4052 nec
606 3988 796 4072 speculando
818 3993 943 4080 assequi
964 3993 1075 4076 potui,
1108 4003 1159 4072 nt,
1197 3997 1273 4079 qnid
1296 3997 1426 4062 Crassus
1448 4002 1558 4082 ageret

192 4079 400 4148 tomeditandi
424 4090 485 4147 ant
513 4080 636 4149 dicendi
668 4105 778 4163 causa,
812 4107 876 4152 non
904 4091 1001 4153 modo
1022 4088 1131 4155 ridere
1153 4091 1230 4155 mihi
1252 4088 1308 4154 sed
1330 4110 1370 4155 ex
1392 4091 1460 4156 eius
1482 4090 1559 4156 scri·

230 4186 321 4261 ptore
352 4183 385 4241 et
410 4177 529 4241 lectore
557 4176 687 4264 Diphilo
716 4179 869 4267 suspicari
897 4181 1024 4261 liceret,
1060 4183 1093 4249 id
1120 4205 1215 4268 spero
1244 4205 1303 4251 nos
1333 4203 1403 4250 esse
1425 4182 1557 4272 adeptos

231 4270 397 4367 omniaque
418 4269 481 4336 iam
503 4283 551 4336 ex¹
565 4271 655 4355 ipso,
679 4294 761 4360 quae
782 4273 836 4341 diu
858 4275 1022 4362 cupimus,
1046 4281 1239 4365 cognituros.

314 4367 432 4431 XXXl.
458 4368 529 4432 137.
558 4370 638 4433 Tum
660 4368 808 4435 Crassus:
842 4373 937 4461 Atqui
958 4375 1114 4450 arbitror,
1144 4374 1278 4458 Sulpici,
1305 4397 1376 4443 cum
1397 4373 1554 4456 audieris,

299 4624 343 4676 12.
363 4630 451 4677 tomen
467 4627 515 4692 qut
531 4627 599 4678 illud
615 4629 646 4680 u.
669 4655 698 4668 -
727 4626 823 4682 holme
840 4629 861 4682 Β
880 4633 998 4698 slttqos·
1016 4635 1057 4686 n:
1077 4632 1192 4689 doleant
1210 4635 1243 4689 u.
1262 4660 1297 4674 -
1323 4638 1367 4703 17.
1388 4637 1505 4701 {nomos
1522 4637 1554 4689 Β.

231 4715 264 4769 ‘,'
281 4694 324 4748 21.
345 4704 381 4747 cst
399 4698 447 4748 loo
463 4698 531 4749 illud
548 4698 579 4749 B.
599 4725 631 4736 —
650 4701 679 4750 tn
695 4701 807 4754 dicendo
825 4705 853 4753 tu
869 4711 943 4768 potes
962 4707 993 4759 n.
1015 4725 1048 4742 -
1066 4706 1110 4759 Si.
1131 4708 1178 4760 Vr.
1197 4708 1276 4759 nimis
1293 4732 1305 4747 ·
1320 4733 1331 4745 ·
1348 4721 1437 4761 summ
1453 4708 1557 4762 erctde·

231 4772 294 4815 runt
312 4779 342 4816 ax
361 4766 392 4818 Β.
414 4790 443 4803 -
463 4769 508 4819 38.
528 4766 585 4834 loe]
604 4771 632 4820 td
650 4771 681 4820 Β.
701 4797 735 4806 -
754 4774 909 4838 obsequetur
927 4778 958 4826 Β.
981 4801 1009 4816 -·
1040 4777 1085 4828 29.
1107 4780 1285 4831 cohortandos
1304 4779 1342 4841 B,
1372 4781 1556 4832 mactandos

232 4833 263 4884 Β.
279 4858 309 4872 -
329 4835 372 4887 ss.
390 4837 463 4888 occu
481 4851 610 4900 mnodum
625 4843 654 4889 Β.
669 4863 702 4878 -
718 4851 774 4893 nou
790 4845 927 4908 quondum
939 4847 960 4896 Β
980 4849 1129 4912 catartqna,
1150 4850 1188 4902 lis
1207 4850 1344 4916 quondum
1357 4865 1413 4902 non
1425 4850 1555 4904 Lamblno

232 4912 341 4958 anctore
359 4906 391 4958 Β.
413 4933 442 4946 -
463 4907 507 4962 35.
526 4911 690 4963 rscmsdttcm
708 4911 741 4966 Β.
759 4935 793 4952 ·-
810 4913 854 4967 33.
873 4917 1004 4970 sottum
1022 4928 1076 4972 om.
1094 4916 1151 4972 ΒΒ.
1171 4943 1201 4959 -
1220 4918 1266 4974 td.
1284 4919 1528 4976 coenaturum.
