3216 5400
146 225 209 291 108
648 225 703 291 DE
724 225 971 291 INVENTIONE

143 405 203 453 ros
232 406 283 452 me
312 385 396 452 istud
427 408 466 453 eo
495 394 637 474 tempore
664 383 776 451 iecisse
804 383 921 460 dicitis,
957 405 1017 471 ego
1044 391 1148 451 antem
1171 404 1210 452 eo
1231 387 1301 472 ipso
1324 394 1469 473 tempore

143 489 228 549 trans
249 504 336 548 mare
358 481 421 557 lui,
445 481 647 569 relinquitur,
669 488 704 545 ut
724 483 773 556 id,
796 484 880 567 quod
903 480 1023 556 dicitis,
1047 477 1112 546 non
1134 478 1229 545 modo
1245 501 1310 545 non
1325 479 1468 558 fecerim,

143 579 202 643 sed
222 597 263 643 ne
284 579 441 663 potuerim
464 579 589 664 quidem
611 575 725 644 lacere.
768 579 868 661 Atque
890 579 952 639 hoc
977 573 1144 659 diligenter
1165 571 1324 657 oportebit
1346 577 1468 650 videre,

143 692 185 738 ne
206 692 270 758 quo
292 680 385 758 paeto
407 692 505 756 genus
525 673 587 735 hoc
609 669 710 735 relelli
733 670 847 754 possit,
880 679 916 735 ut
942 691 982 735 ne
1011 668 1207 734 confirmatio
1228 669 1356 734 modum
1380 672 1413 734 in
1435 692 1470 735 se

120 765 423 853 sargumentationis
446 769 547 832 solum
570 764 684 832 habeat
706 775 738 831 et
760 768 915 851 quandam
931 765 1168 830 similitudinem
1182 766 1378 829 necessariae
1394 786 1470 830 con·

144 861 309 936 clusionis,
332 881 442 926 verum
465 862 532 946 ipsa
555 860 783 944 argumentatio
808 882 849 925 ex
870 862 1046 924 necessaria
1066 859 1190 925 ratione
1213 861 1374 923 consistat.

229 957 280 1020 to.
302 955 470 1021 Probabile
492 963 597 1021 autem
620 965 668 1020 est
688 957 735 1028 id,
771 958 857 1040 quod
878 956 945 1019 lere
968 955 1047 1020 solet
1069 953 1137 1018 lieri
1160 961 1214 1018 aut
1236 952 1321 1038 quod
1344 953 1377 1018 in
1400 955 1471 1036 opi·

143 1051 238 1116 nione
258 1053 395 1139 positum
419 1059 466 1115 est
487 1060 542 1115 aut
564 1053 648 1138 quod
670 1051 768 1114 habet
788 1051 821 1113 in
844 1072 878 1114 se
900 1053 939 1115 ad
954 1051 1033 1115 haee
1048 1051 1204 1135 quandam
1220 1047 1468 1123 similitudinem,

144 1145 210 1210 sive
231 1143 264 1209 id
285 1143 397 1210 salsum
420 1154 467 1210 est
493 1148 558 1212 sive
588 1166 709 1211 verum.
755 1147 791 1208 ln
820 1165 859 1210 eo
889 1164 1021 1230 genere,
1060 1145 1146 1229 quod
1174 1141 1241 1206 sere
1272 1140 1340 1206 lieri
1371 1144 1468 1216 solet,

106 1237 309 1323 reprobabile
338 1239 519 1305 huiusmodi
547 1247 611 1304 est:
650 1241 681 1304 Si
712 1250 813 1304 mater
834 1247 896 1316 est,
932 1239 1035 1323 diligit
1055 1237 1173 1312 filium;
1214 1235 1247 1301 Si
1269 1256 1382 1301 avarus
1405 1246 1468 1312 est,

142 1336 274 1419 negligit
301 1337 349 1400 ius
377 1337 555 1399 iurandum.
598 1335 634 1398 In
663 1354 702 1400 eo
729 1343 852 1409 autem,
891 1337 976 1419 quod
1004 1336 1037 1397 in
1069 1332 1219 1416 opinione
1241 1331 1377 1416 positum
1401 1340 1467 1408 est,

142 1427 321 1494 huiusmodi
350 1439 422 1494 sunt
453 1427 645 1515 probabilia:
683 1430 791 1514 lmpiis
819 1430 902 1515 apud
936 1427 1053 1493 inleros
1083 1447 1204 1511 poenas
1233 1445 1302 1489 esse
1323 1436 1467 1510 paratas3

141 1525 221 1597 Eos,
253 1525 307 1608 qui
336 1525 556 1609 philosophiae
583 1521 659 1588 dent
689 1544 835 1610 operam,
869 1544 932 1588 non
962 1525 1107 1587 arbitrari
1139 1527 1216 1609 deos
1238 1540 1317 1584 esse.
1362 1524 1467 1585 XXX.

143 1616 320 1683 Sinititudo
343 1626 445 1682 autem
469 1619 501 1680 in
524 1619 689 1682 contrariis
711 1628 743 1682 et
763 1617 892 1704 paribus
916 1625 947 1682 et
969 1621 1001 1680 in
1023 1616 1061 1681 iis
1084 1618 1193 1689 rebus,
1217 1634 1298 1700 quae
1315 1613 1374 1680 sub
1396 1636 1470 1681 ean-

105 1714 215 1778 1⁵dem
244 1711 398 1777 rationem
428 1715 560 1787 cadunt,
595 1716 731 1777 maxime
760 1722 929 1798 spectatur.
975 1716 1010 1775 1n
1040 1711 1221 1784 contrariis,
1260 1707 1320 1772 boc
1353 1714 1468 1776 modo:

143 1811 222 1872 Nam
245 1808 271 1871 si
292 1809 350 1882 iis,
375 1809 428 1893 qui
450 1804 664 1890 imprudentes
689 1807 862 1882 laeserunt,
887 1808 1006 1891 ignosci
1028 1806 1191 1879 convenit,
1214 1806 1268 1878 iis,
1291 1807 1345 1888 qui
1360 1827 1471 1870 neces·

142 1903 224 1966 sario
248 1901 453 1986 profuerunt,
479 1899 586 1966 baberi
610 1903 742 1985 gratiam
762 1922 827 1966 non
850 1909 984 1987 oportet.
1028 1903 1080 1964 47.
1104 1905 1154 1966 Ex
1175 1904 1262 1984 pari,
1289 1903 1352 1966 siet
1390 1905 1469 1965 Nam

141 2002 178 2060 ut
197 1997 286 2060 locus
308 1997 376 2060 sinc
398 2003 493 2077 portu
514 1997 645 2060 navibus
669 2017 738 2060 esse
760 2017 824 2060 non
846 2003 951 2082 potest
971 2003 1074 2068 tutus,
1105 1995 1149 2059 sie
1172 1999 1293 2060 animus
1315 1998 1384 2061 sine
1408 1995 1469 2061 lide

143 2091 263 2154 stabilis
283 2089 391 2152 amieis
413 2109 477 2154 non
498 2097 602 2174 potest
624 2112 705 2154 esse.
750 2093 785 2154 ln
807 2090 845 2154 iis
862 2088 975 2164 rebus,
998 2110 1079 2175 quae
1095 2093 1154 2156 suh
1169 2095 1299 2156 eandem
1314 2093 1470 2155 rationem

104 2186 275 2258 recedunt,
309 2185 370 2246 hoc
400 2187 495 2248 modo
522 2180 687 2268 probabile
717 2183 947 2248 consideratur:
984 2187 1062 2247 Nam
1085 2185 1111 2247 si
1133 2185 1265 2252 Rhodiis
1288 2196 1380 2272 turpe
1404 2209 1468 2252 non

143 2284 192 2344 est
219 2279 395 2362 portorium
424 2280 546 2352 locare,
580 2300 620 2342 ne
653 2279 894 2343 Hermacreonti
927 2276 1054 2364 quidem
1083 2287 1175 2366 turpe
1204 2288 1252 2345 est
1277 2286 1467 2348 conducere.

143 2377 229 2440 Haec
251 2382 316 2438 tum
339 2393 414 2436 vera
436 2381 526 2447 sunt,
561 2374 622 2436 hoc
652 2382 762 2455 paeto:
802 2374 957 2449 Quoniam
990 2373 1120 2437 cicatrix
1150 2381 1216 2451 est,
1252 2373 1313 2441 luit
1333 2379 1467 2454 vulnus3

142 2480 210 2536 tum
230 2467 297 2535 veri
320 2469 449 2540 similia,
472 2467 533 2532 boc
555 2467 668 2532 modo:
694 2469 727 2531 Si
749 2469 865 2533 multus
887 2476 955 2532 erat
976 2467 1007 2532 in
1025 2468 1138 2533 calceis
1154 2471 1276 2553 pulvis,
1301 2493 1341 2536 ex
1357 2472 1469 2536 itinere

144 2586 217 2632 eum
238 2562 348 2629 venire
370 2566 548 2649 oportebat.

105 2673 134 2716 π
228 2661 328 2725 Omne
352 2666 456 2722 autem
486 2655 531 2740 (ut
552 2664 654 2722 certas
675 2658 825 2740 quasdam
849 2656 880 2718 in
902 2661 1007 2742 partes
1030 2655 1260 2740 distribuamus)
1284 2661 1465 2745 probabile,

19 2810 22 2814 .
143 2756 229 2840 quod
260 2753 393 2817 sumitur
421 2755 460 2816 ad
491 2754 810 2838 argumentationem,
846 2759 900 2815 aut
928 2753 1051 2834 signum
1079 2750 1127 2816 ebt
1156 2760 1210 2816 aut
1237 2753 1388 2819 credibile
1416 2762 1470 2818 aut

142 2847 312 2913 iudicatum
335 2854 389 2909 aut
411 2849 636 2933 comparabile.
681 2849 732 2910 te.
759 2845 888 2929 Signum
913 2854 976 2920 est,
1001 2849 1086 2932 quod
1101 2849 1159 2910 suh
1183 2867 1308 2913 sensum
1330 2851 1469 2935 aliquem

144 2941 226 3008 cadit
247 2951 279 3007 et
301 2943 449 3025 quiddam
473 2939 640 3027 significat,
670 2939 756 3024 quod
779 2961 818 3004 ex
843 2942 911 3023 ipso
934 2937 1110 3025 proiectum
1133 2940 1274 3019 videtur,
1307 2942 1390 3028 quod
1416 2953 1470 3008 aut

143 3045 215 3102 ante
236 3036 332 3101 luerit
354 3046 408 3100 aut
430 3035 462 3099 in
485 3038 553 3121 ipso
579 3039 705 3118 negotio
730 3043 783 3099 aut
804 3045 876 3121 post
898 3038 938 3099 sit
960 3044 1162 3101 consecutum
1186 3045 1333 3102 ettamen
1348 3037 1471 3121 indiget

105 3132 314 3199 aetestimonii
338 3138 369 3194 et
390 3128 543 3214 gravioris
566 3127 828 3207 confirmationis3
864 3137 898 3194 ut
920 3151 1029 3204 cruor,
1053 3128 1143 3214 suga,
1168 3133 1287 3217 pallor,
1311 3132 1415 3217 pulvis
1437 3140 1470 3196 ct

143 3245 223 3312 quae
246 3226 296 3288 his
318 3231 390 3288 sunt
411 3221 536 3287 similia.
583 3222 739 3287 Credibile
761 3233 822 3298 est,
846 3223 930 3311 quod
954 3224 1021 3289 sine
1043 3227 1110 3290 ullo
1134 3234 1211 3290 teste
1230 3229 1382 3291 auditoris
1399 3228 1470 3309 opi-

143 3317 238 3383 nioue
259 3316 416 3390 firmatur,
443 3319 505 3380 hoc
528 3320 640 3380 modo:
675 3321 774 3382 Nemo
799 3327 862 3394 est,
888 3320 942 3403 qui
965 3339 1027 3383 non
1050 3317 1169 3385 liberos
1191 3341 1265 3386 suos
1288 3320 1466 3386 incolumes

144 3421 176 3478 et
196 3415 306 3477 beatos
329 3432 398 3477 esse
422 3413 538 3493 cupiat.
584 3412 756 3476 Iudicatum
780 3421 828 3479 est
850 3435 901 3478 res
925 3415 1107 3478 assensione
1129 3423 1182 3480 aut
1204 3415 1388 3480 auctoritate
1414 3423 1470 3479 aut

143 3507 261 3573 indicio
283 3504 414 3571 alicuius
437 3515 491 3571 aut
512 3505 689 3591 aliquorum
713 3511 927 3590 comprobata.
972 3511 1007 3572 ld
1030 3505 1129 3572 tribus
1150 3508 1182 3572 in
1206 3510 1375 3593 generibus
1397 3529 1470 3595 spe-

107 3608 258 3675 asctatur,
292 3599 460 3683 religioso,
494 3602 671 3676 communi,
709 3605 893 3688 approbato.
936 3603 1129 3686 Religiosum
1160 3611 1224 3678 est,
1263 3605 1348 3686 quod
1375 3603 1468 3668 iurati

144 3695 268 3782 legibus
289 3694 476 3759 iudicarunt.
522 3695 694 3760 Commune
717 3706 783 3772 est,
810 3699 895 3783 quod
919 3716 1030 3760 omnes
1051 3696 1146 3779 vulgo
1168 3699 1344 3783 probarunt
1365 3704 1396 3761 et
1418 3718 1469 3763 se-

144 3789 208 3857 enti
230 3799 318 3866 sunt,
342 3788 541 3854 huiusmodi:
566 3799 601 3855 ut
623 3789 795 3856 maioribus
816 3801 891 3856 natu
913 3799 1108 3873 assurgatur,
1132 3799 1168 3855 ut
1182 3793 1357 3878 supplicum
1372 3791 1469 3857 mise-

143 3892 258 3952 reatur.
300 3882 515 3968 Approbatum
538 3893 600 3961 est,
624 3884 709 3972 quod
730 3887 892 3961 homines,
918 3905 989 3949 eum
1012 3883 1144 3950 dubium
1167 3895 1266 3962 esset,
1298 3888 1389 3970 quale
1414 3886 1469 3952 ba·

143 3981 213 4046 beri
246 3986 427 4065 oporteret,
465 3999 521 4044 sua
550 3983 779 4045 constituerunt
810 3977 1012 4045 auctoritate:
1050 3979 1174 4060 †velut
1207 3981 1338 4043 Gracchi
1370 3984 1467 4067 patris

105 4073 277 4151 talantum,
301 4093 394 4161 quem
415 4076 550 4161 populus
572 4080 729 4140 Romanus
752 4072 793 4138 ob
814 4076 847 4139 id
871 4070 1029 4158 [sactum],
1061 4073 1148 4159 quod
1169 4075 1322 4140 insciente
1344 4077 1468 4161 collega

212 4333 239 4384 3.
259 4333 390 4396 oportebit
406 4332 494 4384 cidere
511 4331 620 4382 Phar:
640 4333 726 4382 uidere
744 4332 873 4395 oportebit
892 4332 921 4381 E.
944 4357 972 4368 -
992 4331 1019 4381 ’1.
1040 4331 1105 4382 rotet
1122 4332 1179 4397 fieri
1197 4331 1307 4383 Phar:
1326 4333 1384 4398 fieri
1401 4333 1468 4385 solet

144 4404 200 4456 Vll.
221 4431 252 4443 -
272 4404 298 4453 a.
318 4406 376 4471 fieri
393 4404 456 4454 solat
476 4404 537 4454 PR:
558 4405 622 4453 solet
638 4404 697 4468 part
714 4403 791 4453 ΛΤΒ.
812 4428 843 4439 -
875 4402 918 4451 aa.
937 4404 1109 4463 perctarit,
1130 4403 1207 4454 Voss·
1228 4405 1251 4453 1.
1272 4403 1348 4454 Letd.
1371 4404 1392 4452 1.
1414 4405 1464 4456 ΙΙΙ.

145 4475 247 4528 Osonn.
275 4482 345 4535 tres,
373 4475 604 4526 BLtndemaunt:
632 4479 812 4537 praeparatos
830 4473 929 4522 ΡΑΤΕ.
951 4496 980 4507 -
1012 4474 1055 4523 15.
1081 4476 1210 4525 rationem
1228 4474 1327 4523 cadunt
1355 4474 1464 4526 Pana:

145 4547 242 4597 cedent
267 4550 397 4597 cottonem
421 4547 452 4596 E.
483 4571 510 4582 -
539 4545 582 4597 16.
609 4546 787 4606 imprudenter
805 4544 837 4592 V.
866 4565 898 4577 -
925 4543 967 4592 18.
996 4543 1065 4593 loeas
1088 4547 1116 4595 ta
1132 4548 1203 4595 mart
1226 4547 1281 4596 aaa
1299 4544 1345 4594 vit
1365 4546 1466 4608 altique

145 4613 259 4679 (Osann.
280 4614 424 4680 nutuque).
447 4642 476 4654 -
496 4616 540 4667 20.
559 4630 612 4666 non
629 4618 679 4680 suit
698 4615 729 4664 V.
751 4641 783 4650 -
801 4615 844 4664 25.
865 4614 1010 4664 tribuamus
1023 4614 1102 4666 Vh‘l’.
1118 4641 1149 4653 -
1168 4616 1212 4665 26.
1232 4622 1349 4665 sumetur
1362 4617 1416 4665 ΛΤ.
1432 4643 1467 4652 -

145 4686 189 4737 8⁰·
209 4683 306 4750 omues]
326 4689 440 4738 homiues
458 4687 504 4737 h‘l'
523 4694 549 4738 et
567 4700 606 4750 pr.
626 4686 656 4736 Ρ.
678 4707 709 4722 -
733 4685 776 4735 39.
796 4685 866 4735 uelut
884 4682 996 4734 Gracchi
1014 4682 1077 4748 eet]
1098 4687 1183 4736 Locus
1203 4694 1352 4746 corruptus.
1374 4686 1465 4739 Verte·

146 4760 214 4808 tatas
228 4765 332 4806 nostrae
352 4759 400 4809 hae
418 4766 494 4809 sunt:
513 4771 589 4822 quem
607 4755 791 4818 om.pr.1>.-
813 4758 857 4820 qui
876 4770 934 4804 eum
953 4755 983 4805 ot
996 4755 1024 4804 to
1041 4757 1138 4819 (ortum
1157 4768 1186 4805 eo
1205 4758 1276 4821 qaod
1288 4756 1364 4816 ΡΑΤ,
1385 4757 1466 4809 Sche-

147 4828 196 4879 das
214 4825 407 4960 Oudprpdorptt.
437 4855 468 4867 -
495 4827 539 4880 lt).
571 4830 671 4892 {actum
696 4840 748 4879 orn.
767 4825 800 4875 a.
829 4823 952 4890 (populus
975 4826 1108 4879 namanes
1133 4839 1162 4878 ao
1186 4827 1255 4893 quod
1273 4826 1464 4894 Oudendorpto

146 4905 253 4953 anctore
296 4932 302 4947 .
