3232 5392
600 173 676 238 LlB.
698 173 752 238 111.
796 173 829 239 d.
850 173 903 237 29.
926 173 978 238 25.
1383 178 1444 242 911

127 340 244 403 citatio.
288 337 405 399 Rerum
428 340 475 399 est
496 335 575 398 silva
596 351 724 417 magna,
759 352 852 418 quam
880 353 950 398 cum
981 333 1089 399 Graeci
1117 334 1180 398 iam
1200 352 1264 398 nou
1287 342 1442 412 tenerent,

90 451 104 467 ·
126 435 168 497 ob
192 451 324 518 eamque
345 448 471 493 causam
500 429 645 492 iuventus
673 434 782 491 nostra
810 428 983 493 dedisceret
1015 446 1115 511 paene
1144 425 1313 501 discendo,
1349 429 1444 491 etiam

127 527 251 602 Latini,
285 527 312 589 si
341 523 401 588 diis
428 525 545 606 placet,
577 525 637 586 boc
664 518 791 585 biennio
815 522 954 605 magistri
977 521 1101 588 dicendi
1124 523 1330 599 exstiterunt3
1366 541 1444 605 quos

126 643 185 707 ego
215 638 328 684 censor
356 619 459 682 edicto
488 635 559 680 meo
589 614 793 692 sustuleram,
825 635 889 680 non
920 635 1002 702 quo,
1035 626 1071 681 ut
1100 618 1205 681 nescio
1235 635 1314 701 quos
1338 616 1444 681 dicere

127 719 272 792 aiebant,
295 714 367 779 acui
388 710 513 796 ingenia
535 709 780 776 adolescentium
803 708 937 788 nollem,
962 713 1017 775 sed
1039 719 1147 777 contra
1168 710 1292 797 ingenia
1312 708 1468 775 obtundis

126 811 232 888 nolui,
267 804 466 874 corroborari
488 806 724 892 impudentiam.
779 805 831 869 95.
856 806 935 869 Nam
957 809 1040 892 apud
1064 807 1219 881 Graecos,
1255 802 1446 870 cuicuimodi

127 914 250 977 esseut,
271 901 417 968 videbam
439 908 545 965 umen
566 921 634 965 esse
656 906 783 987 praeter
804 898 883 964 banc
906 902 1165 965 exercitationem
1188 901 1315 983 linguae
1330 898 1447 965 doctri-

126 1021 198 1066 nam
219 997 355 1082 aliquam
377 1003 408 1060 ei
429 996 652 1061 humanitatem
675 995 801 1080 dignam
822 996 970 1073 scientia3
993 998 1050 1060 bos
1072 1015 1149 1061 vero
1164 1014 1265 1062 novos
1280 996 1446 1079 magistros

126 1093 205 1159 nibil
224 1092 441 1176 intelligebam
463 1111 555 1177 posse
578 1089 709 1164 docere,
731 1091 791 1155 nisi
813 1096 848 1154 ut
868 1087 1035 1167 audereut3
1059 1093 1145 1175 quod
1160 1091 1254 1154 etiam
1269 1107 1340 1154 cum
1354 1086 1446 1153 bonis

127 1186 220 1253 rebus
252 1184 470 1261 coniunctum,
502 1206 561 1273 per
588 1189 753 1271 seipsum
781 1192 830 1249 est
856 1203 971 1268 magno
1000 1202 1097 1269 opere
1124 1183 1319 1270 fugiendum.
1375 1184 1483 1247 Hocrc

127 1303 198 1347 cum
220 1301 317 1345 unum
339 1278 519 1345 traderetur
540 1286 571 1344 et
593 1302 664 1344 cum
686 1277 900 1363 impudentiae
922 1275 1014 1343 ludus
1036 1284 1129 1355 esset,
1155 1279 1263 1365 putavi
1285 1298 1353 1343 esse
1374 1298 1447 1343 cen-

127 1375 227 1450 soris,
251 1397 291 1440 ne
312 1373 435 1459 longius
457 1373 490 1439 id
512 1382 674 1461 serperet,
697 1375 878 1459 providere.
920 1373 972 1441 95.
1002 1372 1197 1458 Quamquam
1220 1395 1283 1439 non
1305 1378 1383 1439 baec
1403 1375 1447 1439 ita

126 1477 230 1534 saeuo
251 1475 344 1554 atque
368 1471 523 1541 decerno,
545 1477 581 1533 ut
602 1471 765 1554 desperem
786 1469 897 1532 Latina
920 1485 979 1541 ea,
1010 1463 1048 1530 de
1071 1468 1185 1553 quibus
1206 1465 1444 1554 disputavimus,

126 1561 208 1628 tradi
229 1584 266 1627 ac
287 1560 459 1648 perpoliri;
491 1565 608 1649 patitur
630 1565 713 1628 enim
737 1568 769 1627 et
791 1564 898 1646 lingua
918 1567 1027 1625 nostra
1049 1568 1082 1624 et
1102 1568 1212 1626 natura
1235 1582 1339 1628 rerum
1360 1571 1447 1628 vete·

126 1678 195 1723 reru
227 1654 311 1721 illam
350 1655 621 1742 excellentemque
652 1655 850 1740 prudentiam
884 1657 1075 1721 Graecorum
1108 1658 1148 1720 ad
1180 1664 1321 1721 nostrum
1352 1673 1482 1722 usum¹⁵

126 1770 310 1837 moremque
338 1749 520 1830 transferri3
556 1750 611 1816 sed
640 1753 819 1817 bominibus
847 1768 927 1835 opus
957 1757 1006 1815 est
1027 1748 1178 1826 eruditis,
1214 1750 1269 1837 qui
1291 1750 1391 1816 adbuc
1412 1753 1447 1816 in

124 1849 186 1911 boc
208 1843 334 1932 quidem
357 1865 471 1930 genere
493 1844 592 1910 nostri
614 1843 692 1910 nulli
713 1846 859 1923 inerunt3
894 1845 943 1909 sin
964 1842 1089 1932 quando
1119 1845 1312 1921 exstiterint,
1348 1848 1444 1910 etiam

126 1942 253 2006 Graecis
274 1946 368 2005 erunt
388 1939 611 2026 anteponendi.

208 2038 307 2101 XXV.
343 2037 395 2099 96.
431 2035 568 2100 Ornatur
594 2033 691 2120 igitur
718 2036 821 2100 oratio
849 2053 965 2118 genera
992 2033 1130 2119 primum
1159 2041 1192 2098 et
1219 2037 1309 2121 qnasi
1337 2033 1445 2100 colore

126 2132 262 2215 quodam
291 2136 324 2192 et
355 2148 433 2194 suco
464 2147 532 2193 suo.
577 2131 654 2193 Nam
685 2135 720 2193 ut
742 2126 863 2214 gravis,
896 2135 931 2192 ul
952 2130 1073 2202 suavis,
1107 2134 1143 2192 ut
1170 2126 1293 2194 erudita
1319 2128 1376 2205 sit,
1411 2136 1484 2195 utre

126 2223 282 2298 liberalis,
305 2231 341 2287 ut
361 2221 568 2297 admirabilis,
589 2231 626 2287 ut
647 2221 763 2308 polita,
786 2229 822 2286 ut
843 2241 969 2298 sensus,
993 2231 1029 2286 ut
1050 2219 1177 2287 dolores
1200 2221 1326 2298 babeat,
1350 2244 1447 2309 quan·

127 2328 192 2384 tum
214 2337 294 2401 opus
316 2319 370 2395 sit,
402 2336 466 2382 uon
489 2326 537 2381 est
557 2315 752 2402 singulorum
774 2315 993 2394 articulorum
1026 2314 1059 2381 in
1081 2324 1148 2383 toto
1170 2325 1349 2400 spectantur
1370 2324 1448 2384 haec

126 2432 270 2500 corpore.
315 2415 353 2477 Ut
372 2431 469 2498 porro
492 2430 659 2497 conspersa
681 2410 720 2474 sit
741 2411 830 2497 quasi
851 2413 1021 2476 verborum
1044 2409 1333 2498 sententiarumque
1360 2411 1448 2477 ilori-

127 2510 204 2582 bus,
238 2504 271 2570 id
301 2523 363 2570 non
391 2507 484 2569 debet
514 2524 583 2569 esse
612 2505 717 2568 iusum
739 2501 943 2589 aequabiliter
964 2523 1171 2586 peromnem
1193 2504 1368 2571 orationem
1390 2508 1446 2570 sed

125 2603 170 2665 ita
196 2598 395 2673 distinctum,
429 2606 464 2662 ιι1
492 2600 554 2662 siut
583 2599 672 2683 quasi
702 2599 734 2662 in
762 2605 874 2663 ornatu
905 2595 1055 2680 disposita
1078 2601 1231 2684 quaedam
1261 2601 1394 2685 insignia
1416 2609 1483 2666 elas

127 2693 252 2760 lumina.
298 2697 349 2759 97.
385 2696 490 2759 Genus
512 2691 608 2776 igitur
630 2689 753 2756 dicendi
775 2700 822 2756 est
843 2690 1040 2777 eligendum,
1075 2694 1160 2776 quod
1182 2696 1319 2759 maxime
1343 2702 1449 2760 teneat

127 2808 199 2861 eos,
223 2791 276 2872 qui
298 2786 439 2863 audiant,
471 2796 502 2852 et
524 2789 609 2872 quod
631 2806 694 2850 non
717 2785 819 2851 solnm
842 2784 993 2861 delectet,
1024 2783 1080 2850 sed
1102 2787 1194 2850 etiam
1216 2789 1284 2853 sine
1307 2791 1448 2855 satietate

127 2881 277 2947 delectet:
301 2884 470 2970 nonenim
492 2903 510 2946 a
532 2901 583 2946 me
606 2882 667 2945 iam
689 2878 864 2963 exspectari
886 2886 982 2963 puto,
1004 2889 1040 2944 ut
1060 2899 1220 2956 moneam,
1242 2891 1278 2947 ut
1299 2886 1445 2959 caveatis,

126 2999 166 3041 ne
188 2975 296 3052 exilis,
318 2997 358 3040 ne
380 2973 496 3041 inculta
517 2973 557 3038 sit
578 2982 682 3039 vestra
704 2973 826 3049 oratio,
859 2993 898 3038 ue
920 2972 1076 3058 vulgaris,
1100 2993 1140 3038 ne
1161 2972 1324 3054 obsoleta3
1363 2975 1448 3041 aliud

127 3071 276 3158 quiddam
298 3072 398 3135 maius
421 3079 454 3135 et
474 3069 598 3154 ingenia
619 3089 670 3133 me
692 3066 856 3133 hortantur
880 3076 986 3133 vestra
1009 3076 1040 3133 et
1062 3076 1192 3135 aetates.
1237 3073 1289 3134 98.
1313 3068 1446 3135 Difficile
1457 3093 1484 3132 ae

127 3166 210 3231 euim
233 3163 318 3230 dictu
340 3172 406 3242 est,
431 3185 585 3252 quaenam
608 3184 702 3229 causa
723 3162 778 3238 sit,
802 3184 858 3228 cur
872 3182 927 3238 ea,
951 3183 1033 3248 quae
1046 3165 1183 3230 maxime
1197 3183 1308 3230 sensus
1323 3173 1447 3232 nostros

125 3259 289 3344 impellunt
317 3260 479 3346 voluptate
502 3265 533 3322 et
554 3261 658 3344 specie
678 3259 780 3344 prima
803 3259 957 3322 acerrime
979 3263 1195 3335 commovent,
1228 3256 1268 3324 ab
1289 3261 1328 3323 iis
1349 3259 1449 3325 celer-

127 3358 203 3420 rime
231 3351 357 3419 fastidio
390 3356 527 3439 quodam
558 3361 590 3416 et
618 3354 759 3417 satietate
787 3351 1013 3417 abalienemur.
1060 3354 1185 3431 Quanto
1214 3354 1357 3419 colorum
1379 3354 1448 3440 pul·

127 3451 301 3515 claritudine
331 3454 362 3511 et
390 3445 541 3513 varietate
568 3443 731 3511 floridiora
759 3452 831 3510 sunt
857 3446 891 3509 iu
914 3445 1043 3530 picturis
1065 3450 1157 3513 novis
1178 3447 1328 3536 pleraque
1353 3471 1446 3534 quam

126 3543 159 3608 in
174 3541 355 3608 veteribus!
380 3561 461 3627 quae
483 3548 606 3617 tamen,
629 3540 749 3605 etiamsi
770 3540 874 3622 primo
896 3538 1044 3627 adspectu
1065 3561 1123 3608 nos
1138 3552 1304 3629 ceperunt,
1330 3542 1484 3615 diutiusrs

125 3657 189 3702 non
211 3638 382 3714 delectaut;
413 3655 484 3699 cum
512 3632 606 3700 iidem
635 3654 693 3698 uos
722 3632 754 3697 in
776 3633 911 3718 antiquis
933 3635 1048 3699 tabulis
1070 3634 1126 3701 illo
1147 3637 1217 3722 ipso
1239 3634 1368 3703 horrido
1391 3636 1449 3704 ob-

126 3732 289 3813 soletoque
322 3736 495 3798 teneamur.
543 3730 668 3806 Quanto
703 3726 861 3792 molliores
893 3735 966 3793 sunt
999 3736 1032 3794 et
1062 3728 1259 3795 delicatiores
1290 3733 1323 3797 in
1355 3739 1447 3798 cantu
1515 3803 1519 3812 ,

124 3825 278 3889 flexiones
308 3833 340 3886 et
364 3821 460 3888 falsae
482 3821 613 3888 voculae
635 3842 728 3908 quam
752 3828 855 3886 certae
877 3828 910 3886 et
930 3825 1080 3888 severaci
1119 3826 1234 3910 quibus
1256 3831 1447 3890 tamennon

126 3917 222 3984 modo
244 3918 360 3982 austeri
382 3916 450 3990 sed,
485 3916 512 3980 si
532 3917 658 3999 saepius
680 3912 773 3991 fiunt,
806 3914 976 3983 multitudo
996 3919 1065 4001 ipsa
1085 3921 1242 3984 reclamat
1286 3922 1338 3990 99.
1359 3919 1447 3984 Licet

126 4015 187 4077 boc
220 4009 326 4076 ridere
356 4009 389 4074 in
421 4009 549 4094 reliquis
577 4011 743 4086 sensibus,
788 4012 955 4093 unguentis
982 4014 1085 4078 minus
1117 4011 1172 4079 diu
1204 4035 1263 4080 nos
1296 4012 1484 4080 delectatio

126 4125 246 4171 summa
274 4113 307 4169 et
339 4103 492 4169 acerrima
525 4102 678 4169 suavitate
709 4102 844 4168 conditis
877 4125 971 4191 quam
1004 4109 1055 4172 bis
1084 4106 1253 4174 moderatis
1289 4115 1321 4172 et
1349 4109 1447 4191 magis

126 4198 262 4274 laudari,
293 4203 378 4286 quod
401 4220 504 4264 ceram
527 4217 620 4283 quam
642 4199 727 4284 quod
749 4216 877 4262 crocum
900 4197 987 4264 olere
1009 4199 1174 4278 videatur3
1202 4203 1235 4266 in
1266 4202 1334 4286 ipso
1363 4208 1448 4267 tactu

196 4364 220 4414 1.
239 4365 294 4412 iam
313 4374 366 4413 orn.
385 4363 416 4412 Β.
438 4388 468 4398 -
487 4362 514 4412 d.
533 4360 705 4410 substalarcm
723 4359 753 4407 B.
775 4383 805 4395 -
834 4360 860 4410 9.
880 4364 1038 4414 σιιίοιιίιιιοάι·
1055 4364 1211 4416 Manutius:
1240 4364 1448 4426 cuicuiusmodi

126 4431 211 4484 Codd.
231 4433 370 4495 plerique,
391 4436 468 4482 etlam
488 4432 597 4482 tortam
615 4429 656 4488 Β,
676 4431 722 4494 qui
739 4430 984 4484 aimmeirins-
1002 4433 1046 4484 17.
1066 4431 1142 4499 nolti]
1160 4447 1215 4484 ooo
1231 4434 1281 4483 uili
1298 4432 1357 4498 (sict
1367 4435 1400 4487 Β.
1413 4460 1447 4471 -

125 4504 169 4554 90.
190 4511 214 4555 et
233 4516 284 4552 om.
306 4502 336 4551 B.
356 4527 390 4537 —
417 4503 460 4552 2¹.
481 4508 505 4551 cr
523 4501 627 4551 dolores
646 4500 677 4550 Β.
702 4525 736 4535 -
762 4499 807 4552 90.
827 4505 913 4569 mepta
930 4503 986 4554 ΒΒ.
1016 4529 1047 4542 -
1076 4505 1118 4555 99.
1138 4504 1320 4569 cotaptataqus
1336 4504 1393 4555 ΒΒ.
1414 4528 1445 4540 -

125 4574 286 4624 celeberrima
304 4573 335 4621 Β.
357 4596 387 4609 -
416 4572 459 4624 99.
485 4573 582 4623 coloris
606 4569 638 4619 Β.
672 4596 695 4607 -
729 4569 772 4620 96.
797 4570 866 4623 idam
891 4575 923 4625 Β.
953 4600 984 4612 -
1012 4574 1056 4626 98.
1076 4570 1171 4637 certas]
1190 4581 1276 4626 raetos
1295 4572 1346 4624 Gu.
1366 4576 1393 4625 1.
1416 4599 1439 4612 -

124 4643 170 4693 19.
190 4644 258 4694 Pila.
273 4643 307 4692 ll.
321 4641 355 4694 ll.
370 4640 412 4703 19,
427 4641 453 4700 9,
466 4642 501 4693 i:
517 4644 550 4705 lq
560 4641 597 4694 bl·
614 4637 744 4691 Ciceronis
755 4647 929 4695 monumentis
940 4647 1088 4701 inuenitur.
1102 4653 1236 4710 accusata
1247 4646 1372 4711 prottoro
1384 4656 1445 4706 ease,

125 4727 194 4778 quos
208 4723 308 4767 terram
320 4710 420 4772 (cerum
434 4712 577 4766 Salmasius
591 4707 690 4770 could,
710 4725 791 4777 quom
810 4726 877 4777 quoe
894 4729 1000 4766 crocum
1017 4717 1132 4778 rapiant.
1152 4716 1193 4766 ld.
1209 4715 1257 4774 17,
1272 4715 1304 4777 5,
1318 4714 1333 4766 9
1346 4730 1353 4764 :
1374 4713 1446 4765 Certe

127 4783 234 4846 cirne,
267 4782 431 4845 «Meliora»,
457 4786 560 4848 inquit,
591 4789 743 4847 «aequente
760 4790 839 4840 aunt,
868 4797 936 4850 quoe
954 4794 1068 4846 amora,
1098 4798 1177 4850 quem
1195 4798 1264 4852 quoa
1282 4799 1386 4838 mecam
1403 4797 1445 4837 sc·

125 4857 220 4919 maura
231 4871 242 4915 ,·
261 4855 288 4905 ld
307 4853 379 4918 quod
400 4855 498 4917 placuit
517 4855 634 4906 victorio
653 4859 680 4907 at
698 4851 837 4907 bambtno.
