3232 5392
572 213 650 278 Lm.
674 213 700 278 Ι.
745 213 779 278 C.
803 212 855 278 22.
876 213 928 278 23.
1352 213 1413 280 133

93 388 145 447 tur
165 397 269 464 neque
290 375 448 460 permixte
469 393 542 440 cum
567 372 708 459 partibus
738 370 947 460 implicantur.
993 373 1072 436 Nam
1102 389 1200 455 genus
1229 378 1291 446 eet,
1328 371 1415 457 quod

93 475 197 560 plures
218 481 324 557 partes
346 468 561 553 amplectitur,
593 476 628 533 ut
649 466 773 532 animal.
816 469 891 532 Pars
914 475 978 544 est,
1002 487 1083 554 quae
1104 470 1211 533 subest
1232 471 1357 552 generi,
1379 476 1415 534 ut

93 588 200 655 equus.
246 563 308 630 Sed
329 584 423 650 saepe
446 567 554 628 eadem
577 583 630 627 res
652 561 704 627 alii
728 582 840 646 genus,
862 561 916 627 alii
937 569 1084 647 pareest.
1129 564 1208 625 Nam
1229 564 1324 626 homo
1348 565 1416 625 ani·

93 661 182 729 malis
202 679 277 746 pars
299 668 360 737 est;
398 657 538 723 Thebani
558 666 612 722 aut
633 658 760 722 Troiani
782 676 891 741 genus.
936 657 1054 721 XXIII.
1079 658 1167 721 Haec
1187 654 1260 720 ideo
1283 655 1415 739 diligen·

92 757 152 822 tius
183 753 342 823 inducitur
368 751 551 837 descriptio,
588 759 623 816 ut
651 760 758 835 aperte
796 750 952 816 intellectu
985 751 1123 835 generali
1163 749 1437 836 praescriptiones

92 851 232 935 paumtas
264 867 414 934 generum
444 847 477 915 in
506 847 674 929 partitione
704 843 823 912 servari
852 845 963 932 possit.
1007 849 1087 910 Nam
1116 845 1170 931 qai
1195 847 1238 909 ita
1259 847 1412 928 partitur:

94 942 263 1011 Ostendam
289 939 643 1026 proptercupiditatem
677 946 709 1004 et
736 940 899 1005 audaciam
922 946 954 1003 et
975 938 1137 1005 avaritiam
1162 937 1416 1004 adversariorum

93 1038 200 1107 omnia
220 1034 420 1106 incommoda
440 1034 482 1100 ad
502 1054 571 1099 rem
592 1031 750 1118 publicam
771 1032 973 1119 perveniss03
997 1033 1024 1096 is
1047 1052 1111 1097 non
1125 1032 1282 1099 intellexit
1295 1033 1328 1099 in
1344 1054 1416 1120 pan·

93 1133 219 1208 titione,
244 1131 387 1217 exposito
410 1149 539 1214 genere,
575 1136 697 1212 partem
724 1149 758 1193 se
787 1125 911 1212 generis
940 1124 1155 1193 admiscuisse.
1215 1131 1294 1193 Nam
1317 1150 1415 1213 genus

93 1236 140 1293 est
161 1229 302 1294 omnium
324 1227 470 1290 nimirum
492 1220 657 1289 libidinum
679 1223 848 1309 cupiditas;
872 1223 940 1287 eius
956 1229 1061 1288 autem
1083 1224 1206 1306 generis
1228 1225 1295 1290 sina
1316 1223 1413 1290 dubio
1426 1241 1453 1282 ιο

92 1341 165 1409 para
188 1329 238 1389 est
257 1319 398 1385 avaritia.

176 1420 233 1482 33.
256 1416 327 1480 Hoc
349 1413 445 1498 igitur
465 1409 625 1477 vitandum
648 1417 714 1487 est,
737 1431 791 1485 ne,
815 1411 904 1476 cuius
924 1430 1024 1497 genus
1045 1414 1208 1494 posueris,
1234 1412 1301 1479 eius
1323 1414 1418 1481 sicuti

94 1511 228 1596 aliquam
260 1509 417 1575 diversam
448 1527 486 1571 ac
517 1506 708 1582 dissimilem¹
735 1515 855 1591 partem
887 1526 987 1590 ponas
1018 1506 1053 1570 iu
1091 1506 1199 1573 eadem
1232 1512 1445 1594 partitione..

94 1604 214 1686 Quodsi
243 1606 329 1689 quod
355 1602 388 1667 in
414 1621 514 1687 genus
538 1602 645 1683 plures
666 1601 804 1666 incident
824 1609 943 1685 partes,
978 1599 1012 1666 id
1033 1624 1104 1666 cum
1127 1602 1159 1666 in
1183 1605 1283 1686 prima
1305 1624 1417 1670 causae

93 1699 264 1786 partitione
286 1699 346 1763 erit
366 1697 552 1779 simpliciter
572 1694 768 1777 expositum,
804 1694 1010 1762 distribuetur
1038 1703 1180 1779 tempore
1210 1720 1249 1763 eo
1278 1713 1453 1764 commo-as

95 1793 237 1867 dissime,
261 1812 333 1858 cum
354 1790 395 1857 ad
416 1790 519 1874 ipsum
540 1798 669 1855 ventum
692 1789 753 1855 erit
773 1788 994 1874 explicandum
1016 1793 1048 1856 in
1069 1812 1181 1857 causae
1196 1791 1331 1857 dictione
1345 1801 1418 1875 post

94 1889 306 1973 partitionem.
350 1888 454 1972 Atque
475 1885 554 1950 illud
576 1904 702 1971 quoque
725 1884 862 1968 pertinet
882 1888 922 1951 ad
943 1887 1150 1973 paucitatem,
1174 1909 1214 1950 ne
1235 1896 1289 1951 aut
1309 1889 1416 1975 plura,

95 2005 188 2070 quam
210 1985 286 2048 satis
307 1989 374 2057 est,
398 1979 667 2047 demonstraturos
688 1999 746 2044 nus
768 1979 927 2055 dicamus,
951 1980 1012 2046 boc
1033 1983 1143 2046 modo:
1172 1980 1342 2051 Ostendam
1364 1979 1420 2046 ad·

95 2079 268 2151 versarier,
302 2078 387 2161 quod
416 2076 594 2160 arguimus,
630 2080 662 2137 et
688 2076 827 2157 potuisse
856 2075 960 2140 iacere
994 2083 1025 2139 et
1051 2074 1189 2141 voluisse
1220 2083 1256 2141 et‘
1284 2075 1417 2154 lecisse;

95 2192 165 2237 uam
187 2169 300 2236 iecisse
321 2172 398 2235 satis
420 2178 467 2235 est
488 2169 671 2234 ostendere:
706 2174 775 2245 aut,
805 2189 876 2233 cum
898 2171 932 2233 in
954 2189 1048 2234 causa
1069 2169 1197 2255 partitio
1217 2170 1303 2236 nulla
1323 2169 1365 2235 sit
1386 2178 1455 2235 etto

96 2285 165 2331 cum
186 2263 321 2350 simplex
343 2262 491 2349 quiddam
512 2271 639 2346 agatur,
662 2270 766 2327 tamen
786 2269 911 2327 utamur
932 2263 1169 2341 distributione3
1192 2262 1225 2329 id
1247 2267 1333 2350 quod
1346 2285 1420 2351 per-

96 2378 168 2427 raro
190 2366 294 2441 potest
315 2357 470 2424 accidere.
514 2362 558 2422 Ac
580 2365 654 2420 sunt
674 2354 735 2420 alia
757 2377 884 2441 quoque
905 2367 1073 2442 praecepta
1094 2357 1314 2444 partitionum,
1335 2379 1417 2444 quae

95 2453 134 2520 ad
156 2455 239 2519 bunc
260 2473 353 2517 usum
374 2450 548 2519 oratorium
571 2469 636 2515 non
659 2457 747 2514 tanto
768 2471 865 2536 opere
886 2453 1080 2536 pertineant,
1106 2471 1187 2537 quae
1208 2461 1371 2518 versantur
1384 2456 1418 2518 in

95 2545 309 2632 philosophia,
332 2568 372 2611 cx
396 2548 510 2630 quibus
532 2547 608 2608 baec
630 2545 697 2628 ipsa
718 2546 951 2621 transtulimus,
975 2565 1056 2630 quae
1078 2548 1248 2610 convenire
1268 2549 1419 2611 videban-

95 2651 162 2715 tur,
189 2660 325 2726 quorum
350 2641 427 2705 nihil
448 2641 480 2703 in
503 2639 615 2703 ceteris
636 2634 754 2701 artibus
776 2636 1023 2702 inveniebamus.
1068 2642 1169 2724 Atque
1190 2641 1239 2703 bis
1262 2642 1302 2705 de
1322 2643 1454 2724 parti-as

96 2733 181 2800 tione
209 2733 403 2821 praeceptis,
438 2737 470 2799 iu
499 2733 586 2798 omui
619 2729 755 2802 dictione
787 2731 965 2797 meminisse
994 2732 1167 2818 oportebit,
1202 2742 1237 2797 ut
1264 2743 1296 2799 et
1316 2736 1418 2818 prima

96 2850 238 2916 quaeque
265 2850 355 2912 pars,
393 2837 429 2892 ut
457 2828 600 2913 exposita
629 2836 676 2892 est
702 2827 733 2889 in
755 2827 938 2911 partitione,
974 2827 1019 2890 sic
1041 2828 1153 2890 ordine
1175 2826 1364 2912 transigatur
1385 2837 1417 2894 et

97 2920 241 2989 omnibus
272 2925 436 3008 explicatis
467 2929 649 3007 peroratum
680 2920 736 2998 sit;
776 2922 979 2993 hoc·m0do,
1011 2927 1047 2984 ut
1074 2942 1114 2985 ne
1149 2920 1225 3006 quid
1260 2924 1417 3004 posterius

96 3026 220 3102 praeter
249 3016 485 3083 conclusionem
517 3015 681 3080 inseratur.
726 3015 862 3078 Partitur
891 3012 974 3098 apud
1005 3016 1186 3080 Terentium
1218 3014 1358 3082 breviter
1386 3023 1418 3080 et

98 3111 263 3178 commode
284 3133 382 3176 senex
403 3110 436 3176 in
457 3110 589 3183 Andria,
614 3131 694 3195 quae
716 3128 909 3192 cognoscere
929 3110 1078 3175 libertum
1098 3111 1191 3178 velit:
1427 3127 1454 3169 aa

262 3255 312 3317 Eo
329 3261 420 3335 pacto
441 3261 468 3317 et
487 3255 574 3337 guoti
593 3254 687 3316 citam
708 3258 735 3315 et
755 3251 913 3314 consiliam
933 3271 1030 3315 mam

264 3349 426 3431 Cognosces
446 3355 473 3410 et
494 3346 565 3431 qaid
582 3348 682 3430 fucare
704 3348 737 3410 iu
757 3347 813 3409 boc
833 3363 867 3409 re
887 3355 914 3409 te
933 3347 1032 3410 celim.

97 3492 205 3596 Itaque
227 3491 493 3573 quemadmodum
515 3487 547 3553 in
567 3485 737 3573 partitione
759 3485 942 3569 proposuit,
965 3488 1008 3552 ita
1030 3495 1153 3566 narrat,
1175 3488 1311 3576 primum
1333 3491 1417 3574 gnati

97 3595 208 3651 mam·
263 3680 344 3742 Ναηι
364 3679 393 3742 is
407 3686 569 3760 postquam
589 3679 715 3742 excessit
736 3696 775 3740 esc
798 3677 926 3759 ephebis,
949 3678 1039 3743 Sosio
1059 3711 1100 3726 -
1428 3695 1456 3740 ss

265 3769 415 3856 [biberius
434 3774 551 3837 oiumtdi
569 3774 630 3856 fait
646 3769 803 3856 potestos].

96 3908 217 3978 Deinde
239 3933 330 3978 suum
351 3915 535 3981 consilium:

263 4037 307 4099 Et
327 4020 407 4100 aduc
427 4038 459 4099 id
479 4056 600 4120 operam
620 4036 668 4100 dc.
752 4042 755 4048 '

166 4239 193 4287 5.
215 4237 358 4300 descriptio
378 4237 432 4288 liri.
453 4237 556 4288 Oxonn.
579 4245 719 4301 quattuor,
740 4250 780 4300 pr.
795 4236 839 4287 ΡΑ
858 4243 884 4289 et
899 4251 979 4301 supra
999 4241 1157 4291 sersum'i:
1174 4242 1331 4304 perscriptio
1351 4254 1420 4292 corr.

96 4308 132 4366 Ρ,
158 4310 337 4371 praescriptio
356 4309 376 4358 E
396 4320 454 4357 cum
473 4310 520 4359 ut·
539 4317 565 4361 et
594 4321 672 4372 supra
699 4322 802 4361 sarsum
822 4310 855 4358 Α.
885 4335 914 4346 -
942 4312 1156 4373 praescriptione
1173 4312 1236 4372 ΒΤ,
1268 4313 1342 4361 Lrld.
1363 4313 1420 4362 tt:

93 4381 243 4442 partitione
261 4379 320 4438 Pil,
340 4381 463 4442 porticae
480 4378 538 4441 (sle)
559 4381 592 4429 lt.
608 4403 637 4415 -
658 4381 700 4430 tt.
715 4383 769 4429 eius
786 4380 864 4429 sicuti
881 4380 1001 4442 aliquam
1018 4383 1149 4433 dicessum
1167 4382 1237 4433 auu
1258 4389 1285 4433 et
1297 4393 1364 4432 cors.
1385 4382 1420 4434 P:

97 4452 152 4500 sias
164 4452 246 4498 secati
259 4450 315 4510 (alc)
335 4451 425 4513 aliqua
438 4451 569 4501 diuersam
581 4463 621 4510 pr.
635 4449 672 4510 P,
692 4453 746 4500 eius
763 4451 842 4498 sicuti
860 4450 991 4500 diversam
1004 4453 1123 4515 aliquam
1135 4453 1226 4503 Lamb.
1241 4488 1249 4510 ,
1270 4455 1324 4501 eius
1335 4465 1423 4502 secum

97 4522 217 4584 aliquam
234 4521 312 4571 sicuti
330 4522 460 4571 diuersam
480 4521 508 4570 li.
521 4547 559 4559 ,-
593 4520 636 4570 ld.
656 4534 752 4570 causae
767 4521 914 4581 partitione
932 4521 1040 4572 Pana:
1058 4524 1204 4585 partitione
1222 4536 1317 4573 causam
1335 4523 1365 4573 ii.
1389 4548 1419 4561 --

98 4592 141 4641 15.
162 4596 278 4653 tempora
296 4605 325 4640 eo
344 4591 414 4640 uui
434 4598 460 4640 et
478 4603 543 4642 corr.
562 4590 602 4641 P:
632 4605 683 4641 orn.
703 4606 732 4640 eo
753 4603 792 4651 pr.
812 4590 851 4651 Ρ,
877 4604 906 4641 eo
926 4601 1042 4654 tempore
1062 4594 1090 4643 li·
1116 4615 1150 4630 ·-
1181 4594 1224 4644 13.
1251 4606 1301 4643 aas
1319 4592 1423 4643 deraca-

98 4666 233 4710 stroturos
252 4674 303 4712 esse
323 4661 440 4711 dicamas
459 4662 500 4719 V,
520 4661 747 4712 demonstraturos
763 4674 813 4710 aas
831 4674 884 4711 asse
901 4663 1020 4713 dicamas
1035 4663 1068 4713 lt.
1091 4689 1119 4700 —
1139 4665 1183 4715 20.
1203 4665 1269 4714 satis
1288 4672 1326 4713 est
1338 4672 1422 4714 ostea-

98 4733 158 4781 dere
177 4730 264 4782 ΡΑΤε
285 4733 418 4782 ostendere
435 4733 501 4781 satis
519 4739 557 4780 ast
576 4732 629 4780 llll.
650 4753 683 4766 ·—
702 4733 746 4780 21.
766 4733 877 4791 simplae
894 4734 1018 4797 quiddam
1037 4734 1147 4784 uana:
1167 4736 1292 4799 quiddam
1310 4734 1423 4795 simplem

101 4802 130 4851 ll.
151 4826 181 4837 -
202 4801 246 4852 23.
264 4805 396 4864 pertimeat
415 4802 452 4858 V.
469 4805 635 4864 pertineant,
654 4802 699 4850 sed
715 4815 785 4868 qaae
803 4801 925 4854 Ernestlo
943 4813 1050 4856 auctora
1071 4804 1132 4857 Scit.
1154 4830 1182 4843 -
1214 4805 1257 4855 33.
1284 4805 1331 4858 Vt.
1351 4804 1423 4856 Lite·

99 4873 157 4921 rius
174 4896 186 4909 ·
204 4895 214 4907 ·
231 4878 348 4937 potestas
366 4887 418 4924 om.
439 4873 506 4923 ΡΑΤ
525 4875 636 4937 alitque.
671 4871 724 4924 Noa
742 4873 907 4925 secluslmus.
