3232 5392
534 239 611 307 iiii.
634 240 677 306 11.
722 240 757 308 C.
780 239 832 306 at.
854 241 905 311 ³5.
926 241 978 306 bd.
1002 237 1054 306 ai.
1393 235 1453 306 iti

132 423 202 468 cum
235 417 305 469 esse
339 397 605 487 [demonstrabii];
639 409 671 467 et
698 398 936 484 amplitudinem
966 420 1041 466 snae
1068 397 1235 465 voluntatis
1256 398 1455 465 nobilitatem

131 498 255 583 generis
278 516 404 571 eorum,
433 497 543 583 quise
565 499 686 563 salvum
708 497 823 571 velint,
846 504 878 560 et
899 495 1080 581 dignitatem
1103 497 1269 560 ostendere
1292 503 1323 560 et
1349 503 1456 560 cetera

131 613 186 669 ea,
220 608 302 677 quse
323 591 468 676 personis
491 593 529 657 ad
550 595 746 657 honestatem
769 598 801 654 et
822 590 1059 673 amplitudinem
1081 595 1154 655 sunt
1182 589 1348 664 attributa,
1382 608 1454 654 enm

132 687 373 770 conquestione,
399 688 465 752 sine
488 686 680 771 arrogantia,
701 684 735 751 in
757 705 791 750 se
813 705 882 750 esse
906 681 1175 769 [demonstrabit],
1199 692 1235 747 ut
1255 682 1377 748 bonore
1398 702 1457 770 po·

131 781 192 843 tius
219 777 325 865 aliquo
352 793 447 864 quam
478 779 544 845 ullo
574 781 730 866 supplicio
757 779 870 865 dignus
896 799 964 844 ease
993 779 1152 855 videatur3
1191 776 1305 843 deinde
1332 786 1476 843 ceter-oss

131 873 294 957 profem,
319 875 433 958 quibus
454 877 577 939 maiora
599 872 713 940 delicta
733 893 883 939 concessa
906 871 978 937 sint.
1023 871 1222 938 demultum
1244 869 1403 957 proficiet,
1428 872 1457 936 si

132 989 166 1032 se
187 967 426 1033 misericordem
442 966 475 1032 in
489 975 662 1052 potestate,
683 988 876 1055 propensum
892 965 933 1031 ad
947 964 1173 1050 ignoscendum
1187 965 1285 1031 fuisse
1299 961 1456 1031 ostendet.

131 1067 233 1146 ilique
255 1063 359 1147 ipsum
380 1060 458 1126 illud
480 1072 641 1148 peccatum
663 1065 723 1127 erit
745 1059 994 1136 extenuandum,
1025 1068 1062 1124 ut
1090 1081 1183 1146 quam
1208 1058 1371 1125 minimum
1401 1056 1460 1124 ob-

132 1153 227 1220 fuisse
249 1157 409 1233 videatur3
444 1163 476 1219 et
496 1165 550 1221 aut
570 1165 662 1243 turpe
683 1164 737 1222 aut
758 1158 869 1221 inutile
891 1151 1167 1219 demonstrandum
1189 1153 1244 1218 tali
1266 1156 1305 1218 de
1327 1151 1458 1219 bomine

132 1249 318 1336 supplicium
340 1268 476 1319 sumere.
522 1253 593 1315 108.
627 1253 748 1316 Deinde
782 1249 860 1314 locis
890 1246 1110 1313 communibus
1132 1246 1379 1313 misericordiam
1402 1267 1456 1312 ca·
1471 1271 1498 1314 u

133 1352 223 1426 piare
253 1346 415 1428 oportebit
437 1364 477 1409 ax
500 1346 538 1409 iis
558 1347 752 1431 praeceptis,
785 1365 866 1431 quae
896 1344 928 1407 in
957 1345 1059 1427 primo
1088 1340 1170 1406 libro
1204 1350 1276 1407 sunt
1303 1344 1459 1426 exposite„

133 1439 278 1503 XXXVI.
308 1436 515 1504 Adversarius
536 1449 641 1505 autem
664 1438 827 1506 malefacta
857 1434 1002 1521 augebit:
1046 1435 1126 1500 nibil
1152 1435 1368 1522 imprudenter
1399 1438 1458 1503 scd

134 1533 238 1597 omnia
259 1550 298 1596 ex
318 1534 505 1598 crudelitate
526 1543 557 1600 ei
578 1533 696 1598 malitia
717 1535 798 1597 lacta
819 1529 919 1608 dicet;
949 1529 1052 1612 ipsum
1074 1528 1375 1608 immisericordem,
1408 1550 1462 1597 su·

132 1623 266 1713 perbum
287 1623 400 1704 iuisae3
437 1634 484 1700 ei,
508 1630 533 1691 si
556 1626 691 1710 poterit,
716 1627 1006 1708 ostendetsemper
1026 1622 1189 1688 inimicum
1210 1622 1308 1690 luisse
1330 1634 1362 1690 et
1383 1628 1461 1691 ami·

134 1741 204 1784 cum
225 1717 294 1784 fieri
315 1718 401 1784 nullo
423 1722 519 1784 modo
541 1739 647 1805 posse.
693 1721 727 1784 si
749 1716 901 1783 beneficia
923 1715 1078 1801 proferet,
1106 1724 1160 1780 aui
1181 1717 1286 1805 aliqua
1305 1719 1346 1785 de
1367 1739 1497 1787 caussas

133 1814 229 1891 sacia,
259 1834 324 1877 non
344 1822 477 1899 propter
500 1811 748 1879 &accolentium
770 1813 1019 1888 demonstrabit;
1054 1819 1109 1875 aui
1129 1820 1240 1897 postea
1262 1816 1369 1879 odium
1392 1834 1462 1880 ease

134 1928 206 1975 acre
227 1914 423 1991 susceptum
447 1906 574 1972 iutilia
596 1910 701 1973 omnia
723 1905 884 1973 maleficiis
906 1923 974 1970 esse
996 1902 1117 1981 deleta;
1148 1914 1201 1970 aui
1222 1908 1343 1975 leviora
1364 1911 1462 1973 bene-

133 2002 204 2068 ficia
224 2021 319 2088 quam
340 1998 511 2078 maleficia3
545 2009 616 2076 aut,
647 2023 718 2067 cum
740 1999 901 2066 beneficiis
921 2002 1024 2064 bonos
1047 1997 1171 2064 babitus
1194 2001 1254 2076 sii,
1281 2021 1340 2087 pro
1364 2002 1462 2067 male·

133 2096 205 2162 licio
219 2115 357 2179 poenam
372 2093 453 2159 sumi
475 2104 635 2178 oportere.
681 2098 752 2160 itia.
774 2092 904 2169 Deinde,
929 2101 1022 2179 turpe
1044 2114 1114 2159 esse
1135 2104 1190 2159 aui
1205 2095 1315 2161 inutile
1329 2095 1459 2180 ignosci.

132 2188 274 2265 Deinde,
298 2191 337 2253 de
358 2209 422 2274 quo
445 2196 479 2252 ut
499 2197 638 2274 potestas
660 2199 759 2265 esset,
782 2208 879 2273 saepe
899 2187 1055 2270 optarint,
1077 2190 1111 2251 in
1135 2208 1207 2253 eum
1227 2197 1382 2275 potestate
1396 2208 1501 2255 nonu

133 2284 179 2349 uti
199 2302 353 2350 neumam
376 2302 445 2348 esse
466 2282 646 2361 stultitiam3
680 2282 822 2367 cogitare
850 2290 1014 2365 oportere,
1047 2302 1142 2368 quem
1170 2282 1310 2350 animum
1333 2283 1366 2349 in
1389 2303 1461 2350 eum

135 2375 278 2464 alquale
300 2374 409 2442 odium
431 2372 608 2442 habuerint
650 2379 753 2442 Locus
776 2385 880 2441 auiam
901 2375 1077 2442 communis
1099 2379 1159 2442 erit
1173 2375 1346 2462 indignatio
1364 2380 1462 2443 male-

134 2472 198 2538 iicii
219 2479 250 2537 ei
271 2471 351 2537 alter
372 2491 484 2536 eorum
506 2470 648 2536 misereri
670 2479 837 2557 oportere,
869 2471 922 2557 qui
945 2479 1075 2556 propter
1095 2470 1272 2548 fortunam,
1303 2493 1366 2537 non
1388 2493 1463 2559 pro-

134 2577 204 2649 pter
232 2564 381 2630 maliiiam
409 2567 444 2629 in
471 2565 607 2630 miseriis
628 2565 698 2633 sint
742 2567 900 2644 Quoniam
921 2585 999 2648 ergo
1021 2564 1054 2628 in
1077 2568 1216 2649 generali
1238 2566 1460 2632 constitutione

134 2661 254 2725 tamdiu
274 2667 406 2743 propter
427 2659 497 2724 eius
517 2661 654 2745 partium
675 2661 907 2725 multitudinem
928 2678 1180 2736 commoramur,
1203 2683 1245 2726 ne
1262 2659 1344 2725 sorte
1360 2660 1499 2726 variess

135 2761 196 2818 tate
217 2761 249 2818 et
270 2751 522 2819 dissimilitudine
543 2773 651 2819 rerum
672 2756 818 2821 diductus
839 2753 971 2819 alicuius
993 2755 1116 2818 animus
1137 2757 1171 2819 in
1193 2753 1350 2843 quendam
1372 2775 1462 2821 erro·

134 2868 203 2913 rem
233 2845 410 2924 deleratur,
444 2849 520 2933 quid
550 2850 644 2914 etiam
674 2851 767 2913 nobis
789 2870 830 2914 ex
852 2870 890 2914 eo
914 2867 1029 2934 genere
1050 2856 1149 2915 restet
1170 2858 1202 2917 et
1224 2868 1322 2933 quare
1345 2857 1461 2926 restet,

135 2944 366 3008 admouendum
389 2940 525 3009 videtur.

216 3034 428 3102 Iuridicialem
451 3057 578 3103 causam
599 3056 669 3101 esse
690 3032 889 3110 dicebamus,
925 3038 957 3101 in
979 3056 1041 3122 qua
1062 3036 1154 3122 aequi
1176 3042 1208 3101 et
1229 3035 1328 3122 iniqui
1351 3045 1461 3102 natura

135 3139 167 3195 et
186 3129 318 3217 praemii
340 3138 396 3195 ant
416 3149 537 3216 poenae
552 3129 631 3195 ratio
645 3140 863 3217 quaereretur.
904 3134 966 3196 Eas
981 3153 1109 3205 causas,
1131 3131 1163 3197 in
1178 3130 1292 3218 quibus
1307 3130 1346 3197 de
1360 3151 1501 3218 aequom

135 3235 167 3291 et
197 3228 306 3312 iniquo
337 3223 515 3308 quaeritur,
551 3224 766 3311 exposuimus.
810 3226 969 3290 xxxvii.
1001 3228 1071 3291 110.
1105 3230 1212 3291 liestat
1232 3244 1333 3301 nunc,
1366 3234 1402 3290 ut
1422 3229 1462 3291 de

134 3321 275 3407 praemio
298 3326 331 3384 ei
352 3317 392 3382 de
413 3340 518 3401 poena
539 3319 743 3402 explicemus.
785 3321 865 3384 Sunt
892 3321 975 3384 euim
1005 3319 1121 3386 multae
1147 3339 1275 3392 caume,
1311 3341 1391 3406 quae
1421 3341 1464 3385 ex

134 3413 266 3501 praemii
292 3413 424 3479 alicuius
449 3413 601 3499 petitione
632 3421 786 3479 constant.
831 3417 910 3478 Nam
933 3421 965 3479 et
993 3413 1075 3499 apud
1103 3413 1222 3479 iudices
1252 3417 1292 3479 de
1320 3414 1462 3500 praemio

135 3527 228 3594 saepe
249 3512 468 3573 accusatorum
489 3506 650 3593 quaeritur
671 3517 705 3573 et
725 3529 742 3574 a
765 3518 875 3574 senatu
897 3517 952 3572 aut
966 3529 985 3572 a
998 3506 1131 3574 consilio
1145 3506 1275 3595 aliquod
1289 3508 1463 3594 praemium

136 3622 231 3689 saepe
252 3601 382 3686 petitur.
427 3605 473 3667 dc
493 3604 651 3667 neminem
674 3602 840 3668 conveniet
859 3601 1003 3667 arbitrari
1021 3622 1098 3678 nos,
1121 3622 1193 3667 cum
1210 3603 1338 3689 aliquod
1357 3623 1500 3668 exem-ss

134 3695 221 3783 plum
241 3716 411 3783 ponamus,
433 3698 519 3784 quod
542 3695 573 3760 in
596 3706 704 3761 senatu
726 3707 853 3782 agatur,
876 3699 916 3761 ab
939 3695 1077 3761 iudiciali
1100 3713 1218 3781 genere
1241 3699 1463 3782 exemplorum

136 3788 297 3856 recedere.
343 3791 505 3878 Quidquid
527 3791 612 3857 enim
634 3793 674 3857 de
694 3793 826 3856 bomine
846 3787 1010 3877 probando
1032 3798 1087 3856 aut
1107 3789 1316 3878 improbando
1338 3788 1463 3862 dicitur,

136 3904 206 3949 cum
238 3886 279 3948 ad
309 3903 379 3948 eam
407 3885 576 3951 dictionem
606 3885 830 3950 sententiarum
860 3904 989 3970 quoque
1016 3882 1097 3951 ratio
1119 3884 1394 3960 accommodetur,
1429 3883 1461 3949 id

136 3998 215 4051 non,
238 3979 265 4043 si
287 3998 345 4064 per
366 3979 541 4044 sententiae
562 3976 733 4043 dictionem
755 3981 875 4062 agitur,
898 3974 1138 4043 deliberativum
1152 3988 1214 4058 est;
1236 3981 1309 4054 sed,
1332 3979 1461 4065 quiade

136 4073 264 4136 homine
284 4075 447 4149 statuitur,
471 4072 616 4138 iudiciale
639 4081 686 4138 est
707 4074 898 4137 habendum.
945 4070 1081 4137 Omnino
1099 4081 1203 4137 autem
1222 4072 1278 4158 qui
1297 4072 1500 4156 diligenterso

136 4165 276 4230 omnium
298 4186 463 4231 causarum
484 4166 548 4232 vim
571 4175 603 4230 et
623 4173 767 4232 naturam
789 4166 990 4250 cognoverit,
1023 4188 1139 4251 genere
1161 4175 1193 4234 et
1213 4169 1316 4252 prima
1337 4163 1464 4231 corior-

204 4345 231 4396 1.
251 4351 279 4396 st
295 4345 322 4395 t.
342 4344 445 4407 Duplex
465 4361 489 4397 ι.
509 4346 717 4402 monstrubit,
750 4358 805 4409 quo
824 4344 945 4395 turbetur
964 4344 1097 4397 clausulae
1121 4349 1253 4410 uniaris,
1278 4345 1462 4396 bindemsuso

136 4421 246 4468 auctore
263 4416 428 4467 seclusimus.
447 4441 479 4454 -
497 4415 748 4467 subdiaconatu
768 4418 913 4478 optimique
933 4413 1025 4466 oud:
1044 4422 1069 4466 st
1085 4415 1250 4468 nobitituiem
1269 4417 1300 4467 s.
1323 4439 1350 4450 -
1372 4413 1398 4463 t.
1418 4411 1462 4479 ss]

135 4498 226 4538 eorum
243 4486 285 4544 113
312 4485 364 4539 del.
385 4487 534 4538 Scbdisius.
556 4510 587 4523 ··
617 4486 645 4535 7.
669 4498 829 4549 propensum
846 4483 914 4536 aaa
933 4493 961 4537 ei
978 4484 1064 4536 codd.
1085 4484 1156 4536 Ded.
1177 4494 1282 4550 prester
1300 4485 1375 4536 Leid.
1404 4486 1461 4547 ii.,

136 4569 252 4619 quocum
271 4562 374 4607 etcum
394 4558 463 4620 vulg.
484 4565 509 4607 st
524 4569 685 4619 propensum
705 4557 734 4606 ii.
756 4581 787 4595 -
820 4557 864 4606 11.
883 4558 1001 4620 cogitare
1019 4554 1062 4606 ΡΑ
1080 4557 1196 4620 aliique:
1226 4563 1251 4608 et
1268 4558 1388 4619 copiam
1407 4556 1462 4607 iiii.

138 4650 164 4663 -
187 4627 476 4691 assimulamus
500 4628 541 4677 oet
557 4626 637 4690 queis
656 4626 686 4676 ii.
709 4651 738 4663 -
769 4625 814 4675 14.
834 4636 895 4691 erpo
914 4623 1024 4675 Pallia
1055 4628 1142 4690 tpiiur
1160 4627 1191 4677 b.
1212 4652 1242 4665 -
1273 4626 1318 4676 aa.
1339 4626 1464 4677 &ductes

135 4697 362 4758 PAR-inductus
380 4697 415 4750 ii.
437 4722 466 4734 -
486 4695 530 4747 iiii.
549 4702 574 4745 st
588 4697 704 4759 praemi
722 4694 829 4746 esuis
847 4697 961 4760 proemii
974 4695 1005 4745 li.
1026 4718 1057 4731 -
1089 4695 1133 4746 aii.
1151 4699 1175 4747 si
1193 4694 1307 4747 veina
1326 4700 1463 4761 ceterique

137 4773 191 4819 nait
211 4768 408 4832 prseterbsid.
429 4767 485 4829 ll.,
518 4778 632 4830 quocum
651 4765 749 4818 statB.
768 4767 861 4817 -tl.
882 4765 1051 4831 nauscae,
1081 4777 1176 4831 geom
1198 4774 1223 4818 et
1243 4769 1335 4832 petaso
1359 4764 1464 4830 emico

135 4841 252 4891 metim
268 4837 351 4898 Par,
382 4839 472 4890 ὅσιοι.
492 4837 564 4891 oud.
584 4836 684 4903 (tryph.
704 4835 778 4890 duos
809 4839 976 4904 wasmont,
1004 4839 1061 4888 ευιιι
1077 4848 1187 4903 qoam,
1206 4840 1262 4893 ium
1280 4839 1360 4894 ausa
1375 4835 1464 4904 pm

137 4908 214 4964 icas.
232 4910 256 4960 i.
276 4909 353 4962 beld.
372 4910 396 4962 i.
414 4908 471 4961 itii.
