3216 5400
194 274 269 368 tae*
693 296 748 363 nn
773 296 1022 366 mvsuuona

191 481 319 532 sensum
340 456 606 526 accommodetur.
650 461 703 523 bb.
727 456 982 529 Ratiocinationis
1003 464 1107 524 autem
1121 456 1316 541 suspiciones
1333 455 1517 536 infirmabit,

192 558 301 624 siant·
315 554 516 622 commodum
537 553 657 619 nullum
687 551 784 618 fuisse
813 562 867 618 aut
894 572 1027 635 parvum
1056 559 1110 617 aut
1136 551 1205 617 aliis
1226 553 1325 635 magis
1347 551 1445 625 luisse
1468 563 1522 618 ant

193 648 291 717 nihilo
313 647 374 715 sibi
396 651 495 734 magis
516 669 610 734 quam
632 646 719 724 aliis,
755 654 808 712 aut
838 644 1073 712 incommodum
1104 649 1162 711 sibi
1190 648 1291 711 maius
1319 668 1413 732 quam
1435 668 1523 713 com·

193 748 323 810 modum
354 743 451 822 dieet;
487 753 523 808 ιιι
549 762 747 829 nequaquam
774 740 870 806 fuerit
901 739 985 805 illius
1020 739 1192 815 commodi,
1227 742 1312 825 quod
1346 745 1523 825 expetitum

171 837 333 914 edicatur,
368 840 549 924 magnitudo
576 845 629 902 aut
657 857 729 901 cum
757 857 796 901 co
818 835 1037 911 incommodo,
1072 836 1156 919 quod
1178 835 1342 910 acciderit,
1374 845 1428 901 aut
1449 857 1522 902 cum

193 933 250 999 illo
271 931 430 1019 periculo,
460 927 546 1016 quod
568 928 739 1010 subeatur,
774 932 998 1013 comparanda;
1032 929 1086 1013 qui
1108 950 1218 995 omnes
1239 927 1300 995 loci
1322 930 1467 996 similiter
1488 930 1522 996 io

193 1025 386 1093 incommodi
418 1043 546 1111 quoque
576 1022 725 1089 vitatione
759 1027 986 1090 tractabuntur.
1028 1026 1081 1088 27.
1121 1024 1176 1088 Sin
1209 1032 1374 1090 accusator
1405 1024 1524 1091 dixerit

195 1141 269 1187 eum
290 1120 324 1186 id
352 1141 422 1186 esse
449 1126 607 1192 secutum,
644 1121 729 1203 qnod
759 1122 789 1183 ei
818 1117 919 1183 visum
946 1120 987 1183 sit
1007 1121 1225 1194 commodam,
1252 1127 1311 1184 «aut
1331 1118 1364 1184 id
1385 1117 1521 1204 fugisse,

195 1213 282 1301 quod
310 1215 429 1298 putarit
461 1232 540 1279 esse·
558 1211 811 1288 incommodum,
848 1232 1037 1298 quamquam
1067 1212 1099 1276 iu
1127 1212 1204 1278 salsa
1232 1212 1327 1278 luerit
1354 1213 1523 1300 opinione;

156 1307 473 1403 sgdcmoastraudum
496 1307 555 1371 erit
577 1305 736 1372 defensori
758 1305 912 1371 neminem
935 1314 1017 1371 tanta
1044 1327 1112 1372 esse
1141 1307 1286 1381 stultitia,
1321 1306 1376 1392 qui
1404 1306 1459 1371 tali
1488 1306 1522 1371 in

194 1423 231 1468 rc
251 1402 351 1489 possit
370 1404 534 1468 veritatem
556 1399 714 1484 ignorare.
758 1399 879 1478 Quodsi
899 1400 933 1465 id
954 1399 1162 1477 concedatur,
1197 1400 1275 1466 illud
1303 1420 1367 1466 non
1394 1421 1524 1466 conces-

194 1496 343 1570 sumini,
380 1517 422 1561 ne
451 1494 608 1562 dubitasse
635 1494 762 1578 quidem
791 1492 891 1569 bunc,
926 1494 1042 1580 †quid
1070 1497 1138 1560 eius
1160 1495 1237 1560 iuris
1259 1504 1359 1571 esset,
1393 1500 1447 1561 sed
1471 1494 1521 1570 id,

195 1595 280 1678 qaod
301 1591 415 1656 falsum
436 1588 548 1662 fuerit,
571 1587 638 1653 sine
659 1587 721 1652 ulla
743 1585 938 1653 dubitatione
963 1587 1033 1674 [pro
1055 1590 1154 1665 salso,
1186 1592 1271 1676 quod
1294 1587 1433 1674 verum,]
1463 1610 1522 1675 pro

194 1704 273 1751 vero
294 1683 455 1770 probasse.
498 1681 619 1761 Quodsi
641 1679 809 1758 dubitarit,
832 1702 972 1747 summae
993 1683 1090 1749 fuisse
1112 1686 1263 1748 amentiae
1285 1682 1380 1748 dubia
1395 1704 1450 1770 spe
1465 1684 1522 1748 im·

157 1779 320 1865 repulsum
342 1788 462 1844 certum
484 1776 518 1842 in
539 1774 713 1862 periculum
734 1796 769 1840 se
790 1776 999 1847 committere.
1041 1781 1094 1842 38.
1124 1776 1395 1855 Quemadmodum
1418 1786 1522 1842 autem

196 1881 375 1949 accumtor,
407 1892 479 1937 cum
499 1869 539 1936 ab
560 1869 630 1935 aliis
652 1868 778 1953 culpam
799 1870 997 1948 demovebit‚
1027 1870 1204 1937 defensoris
1224 1871 1303 1937 locis
1323 1881 1444 1946 utetur,
1478 1873 1524 1936 sic

196 1965 237 2031 iis
257 1965 353 2041 locis,
376 1968 431 2051 qui
452 1964 625 2031 accusatori
647 1962 712 2028 dati
732 1972 821 2043 sunt,
855 1972 961 2031 utetur
982 1986 1068 2042 reus,
1097 1987 1169 2031 cum
1190 1965 1223 2031 in
1245 1966 1324 2033 alios
1345 1970 1384 2032 ab
1407 1988 1441 2033 se
1464 1966 1523 2032 cri-

196 2081 270 2128 mea
290 2062 375 2129 volet
395 2059 575 2126 transferre.

281 2159 335 2225 1Χ.
359 2161 406 2222 Ex
426 2174 563 2241 persona
583 2161 688 2220 autem
709 2152 888 2219 coniectura
903 2154 1060 2238 capietur,
1083 2156 1110 2219 si
1124 2174 1181 2219 eae
1194 2174 1260 2230 res,
1284 2174 1364 2241 quae
1378 2154 1523 2240 personis

159 2269 189 2313 ss
197 2252 365 2317 attributae
387 2256 473 2323 sunt,
505 2247 672 2334 diligenter
694 2247 991 2326 considerabuntur,
1026 2269 1103 2334 quas
1131 2269 1239 2314 omnes
1260 2248 1293 2313 in
1314 2253 1419 2332 primo
1442 2248 1523 2313 libro

197 2344 411 2430 exposuimus.
457 2346 535 2407 Nam
557 2345 649 2408 etde
670 2341 798 2407 nomiae
824 2362 1049 2429 nonuunquam
1074 2343 1192 2427 aliquid
1213 2343 1401 2428 suspicionis
1424 2341 1524 2407 nasci·

196 2446 259 2502 tur.
303 2440 424 2502 Nomen
446 2446 550 2501 autem
571 2457 642 2502 cum
664 2435 809 2512 dicimus,
832 2458 1006 2523 cognomen
1029 2458 1155 2525 quoque
1177 2437 1370 2520 intelligatur
1384 2445 1522 2520 oportet.

197 2535 244 2596 lle
266 2529 401 2596 bominis
423 2534 508 2596 enim
529 2540 614 2594 certo
637 2539 668 2596 et
688 2532 821 2615 proprio
843 2535 998 2599 vocabulo
1014 2533 1134 2617 agitur3
1158 2542 1193 2596 ut
1208 2532 1233 2597 si
1249 2531 1387 2596 dieamus
1402 2531 1523 2596 idcirco

198 2625 334 2712 aliquem
357 2627 487 2692 Caldam
508 2623 632 2699 vocari,
657 2622 742 2710 quod
764 2626 930 2691 temerario
952 2636 984 2691 et
1004 2627 1168 2713 repentino
1190 2626 1322 2692 consilio
1344 2626 1399 2703 sit;
1422 2634 1476 2690 aut
1497 2629 1523 2689 si

161 2740 236 2792 esea
258 2741 294 2784 re
315 2719 495 2783 homiuibus
518 2717 644 2782 Graccis
666 2717 819 2801 imperitis
840 2719 938 2785 verba
960 2720 1095 2796 dedisse,
1118 2718 1204 2805 quod
1227 2719 1354 2785 Clodius
1376 2728 1430 2784 aut
1448 2721 1526 2784 Cae-

198 2813 289 2880 cilius
310 2821 364 2878 aat
384 2812 506 2877 Mucius
527 2820 704 2877 vocaretur.
748 2816 801 2878 29.
833 2817 872 2879 Et
900 2818 939 2879 dc
964 2824 1074 2880 natura
1095 2815 1168 2879 licet
1189 2812 1382 2900 aliquantum
1407 2817 1524 2879 ducere

198 2907 398 2993 suspicionis.
445 2905 556 2972 Omnia
577 2906 661 2970 enim
682 2910 777 2982 baec,
810 2911 859 2973 vir
880 2930 919 2973 an
946 2908 1077 2982 mulier,
1110 2907 1202 2972 huius
1224 2929 1264 2972 an
1285 2907 1370 2972 illins
1391 2907 1525 2972 civitatis

199 3000 257 3079 sit;
281 3001 395 3086 quibus
416 3000 457 3066 sit
478 2999 667 3073 maioribus,
689 3004 804 3085 quibus
825 3003 1083 3089 consanguineis,
1106 3023 1166 3087 qua
1189 3011 1308 3075 aetate,
1331 3022 1394 3086 quo
1409 3006 1523 3075 animo,

200 3115 264 3181 quo
286 3115 438 3179 corpore,
464 3114 544 3179 qnae
566 3103 695 3158 naturae
709 3104 781 3160 sunt
795 3095 954 3165 attributa.
977 3102 1015 3162 ad
1031 3100 1167 3182 aliquam
1182 3096 1395 3161 coniecturam
1409 3095 1532 3160 lacien-

163 3187 271 3257 ssdam
292 3190 503 3275 pertinebunt.
546 3191 586 3252 Et
608 3209 647 3252 ex
668 3188 753 3253 victu
774 3192 890 3255 multae
911 3195 1077 3257 trabuntur
1096 3190 1304 3274 suspiciones,
1328 3210 1525 3275 cum-qnem-

200 3285 369 3347 admodum
391 3291 423 3347 et
443 3283 527 3368 apud
548 3302 628 3368 quos
650 3288 682 3346 et
702 3302 720 3346 a
744 3285 857 3370 quibus
879 3288 1028 3351 educatus
1050 3293 1082 3349 et
1107 3286 1247 3349 eruditus
1274 3287 1328 3358 sit,
1363 3283 1526 3367 quaeritur

201 3384 234 3442 et
254 3377 440 3462 quibuscum
461 3374 564 3450 vivat,
589 3395 651 3461 qua
673 3377 794 3441 ratione
815 3381 915 3454 vitae,
940 3400 1004 3465 quo
1026 3399 1117 3444 more
1138 3378 1312 3445 domestico
1333 3377 1427 3442 vivat.
1470 3381 1522 3442 311.

199 3474 240 3536 Ε1
262 3492 303 3535 ex
324 3468 450 3535 fortuna
470 3489 565 3552 saepe
586 3469 815 3552 argumentatio
836 3471 990 3550 nascitur,
1023 3494 1094 3538 cum
1117 3493 1227 3537 servus
1249 3494 1288 3536 an
1309 3470 1408 3543 liber,
1430 3492 1526 3554 pecu-

200 3563 309 3629 niosus
330 3584 370 3628 an
391 3583 526 3648 pauper,
555 3562 672 3627 nobilis
694 3583 734 3627 an
754 3563 921 3647 ignobilis,
952 3566 1028 3632 felix
1051 3589 1091 3632 an
1112 3565 1236 3642 infelix,
1267 3568 1407 3652 priuatus
1430 3587 1470 3629 an
1492 3565 1524 3628 in

163 3691 191 3735 μ
201 3664 356 3742 potestate
377 3659 418 3720 sit
437 3664 491 3721 aut
511 3655 606 3721 luerit
626 3665 681 3722 aut
701 3655 826 3723 iuturus
847 3662 904 3735 sit,
928 3661 1159 3740 consideratur;
1181 3670 1235 3725 aut
1256 3660 1393 3746 denique
1408 3657 1525 3745 aliquid

202 3771 312 3817 corum
345 3749 524 3838 quaeritur,
558 3772 639 3837 quac
668 3750 814 3818 fortunae
842 3775 911 3820 esse
944 3755 1092 3820 attributa
1124 3754 1350 3840 intelligantur.
1393 3754 1526 3817 Habitus

201 3852 324 3920 autem,
347 3846 495 3931 quoniam
518 3847 550 3910 in
572 3845 676 3931 aliqua
697 3847 836 3932 perlecta
857 3858 889 3914 et
909 3849 1063 3916 constanti
1085 3848 1181 3913 animi
1204 3858 1257 3912 aut
1278 3847 1420 3933 corporis
1434 3850 1527 3911 abso-

201 3940 320 4007 lutione
334 3937 507 4014 'consistit,
540 3960 604 4024 quo
630 3940 662 4005 in
693 3962 809 4024 genere
839 3951 886 4009 est
913 3943 1028 4018 virtus,
1061 3942 1190 4009 scientia
1213 3951 1244 4007 et
1265 3963 1346 4029 quae
1368 3940 1526 4006 contraria

271 4113 298 4162 2.
316 4113 402 4162 arcius
420 4111 547 4163 Leld.ll.
566 4111 659 4167 Lamb.
679 4136 710 4148 -
741 4111 767 4161 3.
797 4122 884 4161 sunau
902 4104 963 4170 (alc)
982 4107 1018 4167 P,
1037 4107 1124 4156 maius
1143 4103 1204 4163 ΛΤ,
1231 4104 1324 4154 Lamb.
1347 4129 1374 4141 ·-
1407 4103 1434 4153 8.
1455 4098 1523 4164 acm]

200 4195 274 4235 reum
292 4182 429 4233 Sebutztus
448 4184 518 4232 cont.
538 4203 571 4216 -
600 4183 643 4232 111.
671 4194 724 4232 esse
741 4186 833 4232 tantas
851 4179 983 4229 stutttttoe
1001 4176 1067 4236 ΔΤ,
1087 4181 1180 4225 tantae
1198 4187 1252 4224 ease
1270 4174 1399 4224 stuttttr'ce
1415 4173 1448 4223 T.
1482 4173 1528 4228 1111

200 4266 268 4313 aaa,
289 4251 330 4314 P.)
351 4279 379 4290 -
408 4253 451 4303 ta.
471 4253 558 4303 Locus
577 4260 731 4313 corruptus:
752 4251 818 4316 stus]
837 4252 880 4299 tas
898 4246 993 4311 (prtma
1012 4247 1061 4296 lltt.
1082 4243 1165 4308 erasa)
1185 4258 1224 4307 pr.
1244 4245 1281 4303 P,
1308 4246 1386 4294 tutus
1406 4258 1473 4294 corr.
1494 4244 1524 4301 P.

200 4327 225 4376 et
242 4324 305 4382 ΑΤ,
332 4325 388 4373 cias
405 4326 444 4374 ret
460 4324 494 4374 lt·
523 4346 555 4358 -
585 4319 639 4384 aed]
661 4328 685 4370 et
704 4336 743 4386 pr.
764 4323 802 4382 P,
829 4320 874 4370 sed
891 4327 915 4370 st
934 4319 1015 4369 ART.
1035 4316 1090 4382 (sed
1108 4328 1175 4366 corr.
1196 4315 1240 4372 P.)
1266 4338 1301 4350 -
1333 4313 1377 4364 13.
1406 4314 1525 4367 Verbaa

200 4394 277 4445 nobta
296 4395 398 4445 seclusa
419 4407 471 4444 orn.
491 4393 537 4443 ΛΤ
556 4397 583 4442 et
601 4405 641 4454 pr.
662 4392 691 4441 P.
728 4393 784 4442 lam
803 4389 941 4440 Schutztua
960 4391 1030 4440 cont.
1051 4388 1115 4451 qntd
1132 4387 1221 4436 certus
1234 4391 1315 4442 casn,
1335 4385 1380 4435 seat
1392 4385 1436 4444 tn,
1455 4384 1527 4448 quod

198 4464 394 4530 fatrumsuerit,
413 4463 536 4514 sincello
549 4461 715 4513 dubitatione
726 4476 777 4526 pro
788 4475 850 4512 cero
862 4461 995 4523 probasse.
1018 4481 1050 4493 ·-
1070 4455 1114 4507 tt.
1129 4455 1347 4507 dabitoritl’a'l':
1367 4456 1526 4506 dubitauerit

201 4534 257 4585 1111.
278 4535 371 4584 -113,
392 4530 503 4600 quoque]
526 4542 551 4584 et
568 4546 697 4599 agnomen
715 4533 818 4584 addunt
835 4531 911 4582 Voss.
930 4532 952 4580 l.
983 4527 1059 4579 Leld.
1079 4529 1102 4576 l.
1122 4527 1172 4577 111.
1210 4527 1314 4577 Oronn.
1341 4539 1404 4584 sex.
1433 4525 1525 4577 Lamb.

202 4604 257 4655 Gir.
277 4604 366 4656 llalsst
387 4605 522 4656 Quaerens.
543 4604 597 4656 tett.
617 4603 653 4653 11.
674 4617 700 4664 p.
720 4604 781 4654 313.
807 4603 884 4652 Voss.
903 4601 1016 4664 Acotop.
1038 4599 1109 4656 1,·1.
1130 4611 1157 4660 p.
1178 4596 1240 4647 3311.
1284 4597 1351 4648 aaut
1376 4604 1463 4647 umen
1490 4599 1528 4646 at·

113 4704 116 4711 ·
203 4675 281 4725 detur
298 4678 444 4737 pastertora
463 4683 582 4738 tempore
601 4674 651 4722 sub
670 4673 877 4736 tmperstcuaus
896 4671 1076 4734 muttlpttcatta
1094 4670 1275 4719 nominibuss
1301 4673 1423 4730 magiam
1436 4670 1525 4730 atiquo

202 4748 330 4798 lacertum
350 4760 417 4798 essa.
437 4747 490 4797 Oa.
518 4772 550 4783 -
581 4744 626 4794 33.
654 4743 703 4794 Vr.
724 4745 763 4794 De
780 4745 891 4794 bominis
908 4767 919 4778 ·
936 4768 947 4780 -
966 4742 1057 4806 opttus·
1083 4742 1209 4800 expunxit
1237 4738 1396 4796 sebonius,
1432 4743 1525 4801 utpote

203 4815 283 4867 cal..
304 4816 336 4866 de
356 4818 459 4869 lavent.
482 4815 569 4877 1,14.
599 4815 650 4864 huc
669 4815 808 4867 luculenta.
830 4839 861 4851 -
892 4812 937 4865 33.
956 4816 1098 4861 uocaretur
1119 4809 1202 4859 PAT:
1231 4815 1392 4858 uocarentur
1415 4808 1473 4858 1111.
1493 4829 1526 4845 -

202 4884 371 4950 cttqoaatsm
400 4886 510 4937 Pelt'r:
540 4885 738 4953 attqcentetum
756 4885 787 4936 11.
815 4909 849 4922 -
876 4881 921 4934 32.
948 4884 1023 4934 etant
1040 4881 1129 4944 prtore
1147 4879 1205 4931 loce
1224 4881 1349 4942 expuunt
1371 4876 1466 4930 lumb.
1496 4901 1526 4914 -

205 4955 359 5008 damnatae.
373 4963 469 5009 staur
486 4956 626 5010 3111111111
644 4957 716 5008 cont.
