3232 5392
692 229 781 299 llil.
802 230 836 297 e.
859 231 892 296 0.
1389 229 1452 299 eiu

130 404 289 481 tamquam
310 391 435 477 figuris,
458 395 564 461 uerbis
586 389 626 459 ad
646 398 785 459 nochum
807 393 1067 458 cousuetudinem
1088 393 1187 479 aptis;
1209 390 1373 479 inquibus
1386 412 1453 461 uon

130 492 261 555 verbum
289 509 346 573 pro
377 484 476 554 verbo
503 507 632 553 necesse
660 485 756 553 habui
787 485 935 563 reddere,
968 485 1024 554 sed
1046 508 1145 571 genuus
1167 507 1260 553 omne
1281 484 1452 557 verborum

130 587 257 669 vimque
277 586 412 654 servavi.
454 586 526 647 Non
554 584 639 647 enim
666 602 705 647 ea
725 603 776 648 rue
798 602 1007 649 annumerare
1028 583 1139 647 lectori
1159 580 1267 668 putaui
1289 590 1450 668 oportere,

128 681 185 747 sed
207 686 365 765 tamquam
387 679 581 765 appendere.
627 680 679 743 15.
701 678 763 743 iiic
782 677 873 744 labor
892 696 982 744 mena
1002 675 1062 743 hoc
1076 685 1280 763 assequetur,
1302 686 1339 741 ιιι
1352 679 1452 746 nostri

128 773 289 846 homiues,
322 771 398 858 quid
418 774 460 838 ah
481 771 544 839 iilis
563 770 713 857 exigant,
748 774 804 858 qui
825 792 860 839 ro
880 771 1000 839 Atticos
1021 770 1145 845 uolunt,
1168 779 1201 838 et
1220 770 1261 837 ad
1281 790 1375 859 quam
1394 786 1471 841 sose

129 866 217 955 queri
237 867 407 934 formulam
429 865 555 933 dicendi
575 875 741 943 revocent,
761 865 947 951 intelligent.
990 868 1055 933 Sed
1076 864 1221 933 exoritur
1241 868 1450 953 Thnrydides.

127 964 204 1031 Eius
226 961 310 1028 enim
331 961 459 1049 quidam
481 963 693 1048 eloquentiam
717 960 921 1029 admirantur.
963 959 999 1027 ld
1021 961 1150 1048 quidem
1169 968 1277 1039 rector
1298 964 1353 1029 red
1373 958 1454 1031 nibil

127 1061 168 1124 ad
189 1077 263 1123 eum
282 1065 460 1133 omiorem,
494 1076 587 1143 quem
616 1055 806 1142 quaerimus.
848 1056 942 1123 Aliud
969 1064 1017 1123 est
1038 1058 1121 1122 euim
1144 1054 1302 1143 explicere
1324 1074 1376 1123 rea
1395 1074 1455 1141 qe·

128 1161 192 1220 stas
213 1150 389 1229 narrando,
411 1151 498 1218 eliud
519 1149 769 1235 argumentando
791 1149 951 1217 criminari
972 1150 1130 1217 crimenve
1150 1148 1341 1230 dissolverer
1363 1150 1451 1219 aliud

127 1246 308 1313 narratione
329 1255 437 1313 mucre
459 1244 653 1322 auditorem,
674 1245 761 1314 aliud
781 1246 950 1313 concitare.
995 1249 1036 1312 At
1056 1247 1197 1334 loquitur
1217 1244 1358 1331 pulchre.
1401 1248 1491 1317 lbi·

127 1346 210 1408 Num
232 1341 363 1418 melius,
386 1362 482 1427 φιιιιι
502 1341 613 1409 Plato?
634 1344 768 1407 Necease
791 1349 964 1407 esttamen
986 1341 1121 1416 oratori,
1143 1360 1238 1425 quem
1259 1338 1450 1429 quaeri-ua,

128 1439 358 1503 controuersias
377 1439 535 1524 explicare
556 1435 702 1503 loreum
722 1433 847 1501 dicendi
868 1455 984 1521 genere
1010 1444 1085 1523 apto
1110 1432 1150 1501 ad
1177 1433 1375 1512 docendum,
1410 1436 1451 1503 ad

128 1531 365 1609 delectandum,
387 1530 429 1598 ad
449 1533 707 1618 permovendum.
749 1532 803 1596 Vl.
827 1532 935 1610 Quare
956 1529 984 1597 si
1006 1532 1077 1617 quis
1098 1531 1176 1607 erit,
1198 1531 1254 1618 qui
1274 1552 1310 1598 ee
1331 1533 1454 1617 thucy-

127 1625 214 1693 didio
245 1648 361 1714 genere
390 1647 500 1693 causae
527 1625 562 1692 in
586 1624 660 1694 soro
686 1625 843 1693 dicturum
873 1646 943 1693 esse
974 1626 1176 1710 profiteatur,
1210 1625 1239 1692 is
1271 1624 1455 1693 abhorrebit

128 1721 222 1788 etiem
245 1743 264 1787 a
284 1721 467 1808 suspicione
488 1720 573 1796 eius,
595 1724 680 1808 quod
703 1731 843 1787 versetur
863 1720 897 1787 in
919 1741 953 1788 re
975 1720 1059 1787 civili
1079 1729 1113 1787 et
1131 1718 1265 1797 loreuel;
1293 1718 1348 1808 qui
1368 1720 1491 1787 Thu-¹⁸

127 1818 270 1903 cydidem
292 1815 451 1892 laudabit,
485 1813 645 1881 adscribet
664 1836 741 1881 suae
763 1822 903 1882 nosham
925 1815 1122 1882 metentium.
1169 1820 1220 1881 17.
1243 1815 1327 1894 Quin
1349 1815 1453 1901 ipsun

128 1914 315 1985 Isocratem,
337 1931 431 1998 quem
452 1910 576 1976 divinus
596 1918 708 1976 auctor
728 1909 816 1976 Plato
838 1933 930 1976 suum
952 1912 1020 1977 lere
1041 1910 1204 1998 aequalem
1226 1906 1453 1977 admirabiliter

128 2007 161 2072 in
182 2008 324 2071 Phaedro
348 2003 469 2070 landari
490 2005 566 2070 lecit
586 2002 626 2069 ab
648 2005 779 2069 Socrate
799 2025 958 2090 quemque
981 2024 1090 2071 omues
1111 2003 1197 2070 docti
1209 2025 1365 2071 summum
1380 2022 1455 2069 ora·

128 2110 230 2167 torem
246 2120 315 2166 esse
329 2099 492 2174 dixerunt,
516 2108 621 2165 umen
633 2102 717 2165 hunc
732 2101 766 2164 iu
779 2119 947 2166 numerum
968 2121 1032 2166 nou
1052 2120 1189 2184 repono.
1233 2103 1304 2165 Non
1321 2095 1453 2165 enimin

127 2196 196 2259 acie
211 2202 356 2260 versatur
369 2190 519 2270 etlerro,
543 2196 600 2261 sed
619 2194 709 2281 quasi
724 2192 857 2261 rudibus
871 2196 940 2262 eius
954 2193 1053 2261 eludit
1067 2195 1183 2261 oratio.
1226 2198 1253 2260 A
1273 2214 1325 2260 mc
1346 2199 1488 2259 autemus

127 2323 170 2338 -
183 2294 219 2352 ut
238 2307 310 2352 cum
333 2287 478 2354 maximis
499 2289 626 2356 minima
654 2286 815 2355 conseram
835 2323 880 2339 -
907 2291 1115 2375 gladiatorum
1139 2310 1198 2373 par
1221 2286 1452 2355 nobilissimum

127 2379 302 2455 inducitur,
324 2383 512 2459 Aeschines,
535 2389 694 2470 tamquam
715 2382 925 2460 Aeserninus,
948 2391 984 2450 ut
1005 2384 1049 2450 ait
1069 2384 1224 2460 Lucilius,
1250 2405 1315 2450 nou
1337 2403 1453 2468 spur·

127 2494 196 2541 cus
221 2478 355 2552 homo,
393 2480 449 2544 sed
470 2496 544 2543 acer
563 2486 596 2544 et
616 2476 747 2554 doctus,
784 2500 870 2545 cum
899 2476 1141 2546 Pacideiano
1169 2482 1221 2544 hie
1248 2477 1453 2562 componi·

128 2581 240 2639 turn
259 2572 413 2660 optimu’
433 2574 553 2657 longe
573 2574 667 2639 Post
687 2572 865 2639 homines
886 2582 1015 2652 natos;
1037 2608 1080 2624 -
1101 2573 1178 2639 nihil
1199 2577 1283 2641 enim
1305 2571 1360 2640 illo
1381 2591 1452 2639 ora·

127 2677 197 2734 tore
217 2665 353 2733 arbitrtu
374 2666 506 2752 cogiuri
526 2688 620 2754 posse
640 2666 789 2735 divimus.
834 2670 886 2733 18.
908 2666 992 2735 Huic
1012 2667 1116 2735 labori
1136 2678 1243 2735 nostro
1258 2671 1321 2735 duo
1337 2686 1489 2753 qeneraar

127 2765 393 2849 reprehensorum
414 2770 627 2849 opponuntur.
672 2766 772 2830 Unum
789 2765 868 2829 hocc
894 2766 1032 2829 «Verum
1046 2765 1203 2830 meliori}
1277 2763 1333 2839 ἰς
1355 2778 1451 2849 aquo

127 2862 313 2943 quaeratur,
335 2857 449 2942 ecquid
471 2855 593 2939 possint
612 2854 673 2944 ipsi
692 2855 807 2922 melius
827 2854 960 2923 Latine?
985 2859 1147 2924 Alterum:
1174 2859 1221 2936 «Q
1244 2855 1276 2924 id
1296 2858 1372 2923 istae
1393 2874 1453 2943 po·

127 2950 190 3015 aius
211 2949 313 3034 legam
333 2971 428 3038 qnam
450 2953 628 3018 Gnecasta
667 2950 765 3018 lidcm
787 2950 937 3018 Andriam
959 2960 992 3019 ei
1009 2950 1235 3043 Synephebos,
1268 2973 1328 3018 nec
1348 2948 1452 3019 minua

127 3045 310 3110 Terentium
337 3053 371 3110 et
396 3044 568 3112 Caecilium
597 3067 692 3132 quam
721 3050 926 3113 hleneudrum
954 3046 1079 3133 legunt,
1113 3070 1173 3115 nec
1199 3044 1451 3115 Andromecbam

127 3148 182 3205 aut
202 3140 369 3227 Antiopam
390 3149 445 3207 aut
464 3140 625 3228 Epigonos
646 3142 775 3208 Latinos
795 3140 961 3221 reiiciunt3
984 3147 1043 3211 sed
1063 3153 1168 3212 umen
1183 3192 1193 3209 .
1210 3190 1220 3210 .
1239 3146 1270 3209 .i
1306 3140 1490 3229 [Enniunee

127 3241 160 3300 ct
179 3234 349 3301 Pacuvium
370 3244 404 3303 ct
422 3238 552 3303 Accium
580 3238 686 3324 potius
712 3255 808 3323 quam
834 3235 1015 3322 Euripidem
1042 3247 1075 3305 et
1100 3236 1291 3326 Sophoclem
1316 3234 1450 3324 legunt]

196 3493 223 3544 1.
243 3504 319 3545 osaea
344 3494 539 3563 Hieronymum
568 3496 686 3545 miore
704 3508 764 3547 eum
783 3509 798 3548 a
816 3499 965 3560 ceterisque
985 3496 1015 3549 ll.
1046 3520 1075 3534 -
1107 3496 1134 3547 8.
1153 3497 1276 3549 mutor
1292 3496 1331 3559 li,
1357 3496 1453 3551 liere-

128 3566 195 3616 uurr
225 3565 360 3614 wonder
383 3578 443 3616 cum
462 3578 477 3617 a
495 3568 642 3631 ceterisque
662 3566 692 3617 8.
728 3567 867 3619 Portasset
899 3566 951 3618 ssd
967 3580 1023 3620 ecee
1040 3570 1175 3623 remum.
1201 3566 1249 3618 cir.
1269 3565 1304 3620 ala
1322 3566 1395 3620 Orat.
1415 3566 1450 3628 1,

126 3635 177 3685 11ι
201 3634 269 3685 Ecca
285 3635 334 3685 tihi
349 3625 461 3687 seoirsr
476 3643 516 3687 set
534 3636 674 3688 isaurum.
694 3637 745 3690 θι.
767 3662 796 3675 -·
817 3639 861 3689 11.
879 3645 919 3689 eet
937 3645 1025 3689 terrae
1041 3649 1057 3688 a
1074 3652 1110 3701 ι,
1128 3638 1168 3690 Νι
1188 3644 1278 3688 tm
1293 3644 1333 3689 ert
1352 3638 1372 3689 li
1391 3650 1451 3691 cen

127 3710 190 3755 cett.
219 3728 248 3740 -
280 3705 324 3756 10.
343 3709 390 3771 qui
411 3719 439 3758 es
463 3707 1081 3772 Tbeepdidiopeaereudieturuetaerearc
1110 3711 1156 3774 qui
1175 3708 1451 3774 nmmum

127 3776 261 3826 dicturum
282 3787 310 3825 re
333 3789 385 3828 erse
408 3789 468 3830 eum
492 3777 584 3828 hamb.
606 3778 637 3829 8.
666 3776 703 3842 (rs
720 3782 846 3832 omittunt
863 3779 959 3841 lunae,
989 3781 1087 3836 Altius.
1120 3779 1189 3830 800.
1208 3787 1270 3831 rute
1289 3778 1381 3830 hareb.
1400 3778 1449 3831 elr.

128 3845 205 3897 lland
223 3845 256 3896 ati
275 3844 413 3910 Wopkens
432 3860 458 3910 p·
473 3846 530 3910 11.)
548 3873 580 3885 -
600 3848 643 3899 ii.
665 3849 816 3901 ιιιιοποιιι
834 3862 894 3911 ar,
906 3850 946 3907 ii.
966 3862 1113 3913 rursusque
1125 3850 1189 3901 sch.
1202 3852 1290 3901 ceule
1309 3849 1452 3902 aeaorrset

127 3928 187 3967 cunr
204 3915 273 3966 Aldu
290 3916 321 3966 11.
341 3943 374 3955 -
399 3919 442 3970 ih.
460 3918 532 3981 quoe
550 3920 673 3972 lineedo
692 3928 800 3972 rumore
817 3920 899 3972 debr
918 3933 987 3983 ques
1006 3921 1027 3971 Ι
1044 3933 1105 3971 cuer
1123 3926 1187 3973 cett.
1208 3945 1237 3958 -
1257 3920 1304 3985 qasi
1323 3920 1452 3985 receper-

126 3982 195 4049 dasu]
214 3985 479 4050 mipcididearirie)
497 4002 528 4046 a.
557 3993 584 4041 ia
602 4003 656 4054 quo
674 3990 755 4043 iatere
773 3990 894 4044 ridetur:
922 3991 965 4041 aie
987 3989 1172 4054 ihuepdidm
1192 3989 1246 4042 οι.
1265 4014 1299 4025 -
1328 3988 1372 4040 18.
1392 3990 1451 4043 iaus·

126 4056 201 4108 dudit
217 4056 360 4110 dutrstnto
378 4064 487 4112 auctma
504 4058 585 4111 hebr
611 4061 733 4112 laudem
751 4062 772 4112 Ι
789 4074 849 4114 cum
867 4067 929 4113 cett.
954 4086 989 4097 -
1017 4061 1155 4113 mediet
1171 4073 1239 4113 ruse
1254 4065 1374 4112 mese
1392 4072 1452 4115 eeu·

126 4129 281 4188 mirrea,
300 4127 377 4181 iuuta
390 4137 550 4193 eeoeraeoue
564 4130 630 4182 iiii.
644 4138 706 4184 aete
720 4132 756 4183 ilc
774 4144 839 4184 sares
854 4138 973 4182 mercer
991 4131 1128 4184 metior
1149 4132 1308 4185 sententian
1325 4142 1385 4183 eu·
1399 4132 1449 4185 18.

127 4197 238 4250 limini.
258 4204 285 4250 et
302 4199 473 4255 ascensius.
493 4223 525 4238 -
546 4200 589 4253 18.
607 4201 643 4252 ai
660 4216 692 4253 a:
712 4216 731 4251 u
748 4201 769 4254 e
787 4215 848 4255 eum
866 4209 929 4255 cett.
951 4224 981 4240 -
1003 4202 1047 4253 ii.
1065 4215 1203 4254 mmet
1218 4215 1235 4253 a
1248 4201 1287 4253 iic
1304 4202 1448 4255 usum

127 4282 189 4321 eum
209 4269 277 4321 eda.
298 4278 378 4332 ceta,
405 4276 449 4333 et,
477 4278 508 4321 ιιι
525 4271 644 4330 ridetur.
672 4285 735 4325 eum
751 4286 777 4325 ι.
814 4271 882 4324 vtis
906 4272 956 4322 110.
976 4286 1062 4326 mean
1085 4287 1110 4325 ι.
1131 4272 1210 4325 1880.
1238 4296 1270 4311 -
1302 4271 1346 4323 11.
1366 4272 1450 4337 {ml

127 4340 188 4405 {ero
206 4353 232 4392 ι.
254 4363 282 4374 -
310 4341 356 4393 esd
373 4344 453 4405 queri
469 4342 510 4402 ii,
537 4342 688 4403 Ιιιιιιιιιιι.
716 4343 826 4397 hauhi
856 4348 882 4395 et
898 4346 977 4408 pecu
993 4357 1028 4401 a.
1046 4358 1077 4402 r.
1104 4344 1150 4395 ssd
1166 4351 1192 4395 et
1208 4344 1287 4409 qaeu
1304 4343 1345 4401 li.
1373 4345 1451 4408 quasi

128 4409 514 4465 suadeantaah-
543 4412 741 4470 recures.
764 4414 1054 4478 mrpweeshosw.
1080 4414 1451 4475 adsumamus·

127 4481 273 4532 mrsu
290 4482 332 4533 iic
350 4485 532 4548 ωιιιροιιιιιιι,
562 4486 668 4546 optim·
686 4484 762 4551 inope
783 4490 843 4550 pert
868 4486 983 4539 emines
999 4490 1078 4535 moe
1095 4497 1156 4537 eum
1174 4485 1242 4537 Aldu
1259 4491 1288 4538 et
1303 4497 1380 4550 aree·
1400 4484 1448 4544 Ι..

128 4556 179 4614 ita.
206 4558 236 4602 ιιι
252 4566 294 4603 rr.
311 4566 367 4604 nos
383 4567 495 4619 mercer
511 4578 523 4590 ·
539 4580 551 4592 ·
567 4560 646 4605 euim
664 4560 751 4606 omule
769 4559 822 4608 ιιιιι
841 4555 952 4608 Lucilii:
983 4569 1073 4607 rerum
1100 4569 1142 4609 rr.
1162 4556 1207 4606 sad
1231 4569 1291 4607 eeer
1313 4563 1337 4608 et
1356 4554 1450 4609 m

127 4627 172 4684 (a,
191 4620 229 4685 (r)
246 4622 286 4680 ii.
314 4624 485 4685 Ascearluel,
514 4627 578 4676 item
595 4625 637 4675 hie
656 4624 790 4678 ciceronis
812 4633 889 4684 cunas
920 4626 1319 4678 emmeramensem.
1339 4626 1447 4678 Turul.

127 4694 161 4753 i,
180 4692 224 4744 11.
243 4693 276 4743 ati
295 4694 329 4758 Q.
348 4695 392 4745 rr.
411 4693 559 4757 8,4,1.,
587 4707 635 4746 uer
652 4694 686 4747 ud
705 4694 799 4748 llorat.
819 4694 875 4748 bat.
895 4694 929 4751 1.
948 4696 982 4756 ’1.
1010 4697 1054 4749 w.
1074 4704 1102 4749 et
1119 4698 1178 4749 ride
1197 4697 1247 4748 80.
1266 4709 1292 4749 ι.
1313 4697 1391 4749 1800.
1415 4719 1448 4736 -

127 4763 172 4815 00.
191 4764 316 4815 raiieieat
335 4765 455 4818 aneos
473 4772 580 4818 rumore
598 4765 661 4818 See.
682 4769 709 4818 ia
729 4768 778 4819 ed.
797 4769 878 4820 mair
905 4767 1040 4831 recipient
1056 4779 1071 4816 e
1090 4781 1121 4825 u.
1140 4767 1179 4826 ii,
1204 4768 1365 4825 Aseeaaias.
1384 4768 1449 4820 reei-

125 4834 367 4899 piuthlde
385 4836 418 4886 8.
437 4858 470 4874 -
493 4836 733 4888 redum...i
764 4837 892 4896 &eiliuet
919 4838 1071 4890 uim
1089 4837 1447 4893 emese-cereris.

128 4904 196 4958 viis
214 4904 263 4957 ΙΙ.
281 4916 308 4957 e.
327 4905 408 4959 1800.
427 4906 1406 4975 -vr.rsstssr···umsaosrseuanas.vusee.e1eto.
