3232 5392
185 240 245 313 lae
547 251 553 262 '
675 235 730 307 DE
751 234 1000 305 INVENTIONE

182 401 347 473 manifesto
376 398 495 479 taneri;
529 416 626 486 quare
653 417 718 463 non
739 405 887 482 oportere
908 402 989 464 hano
1010 419 1077 464 rem
1099 419 1139 465 ex
1160 398 1326 484 superiore
1349 401 1414 466 vita
1436 423 1509 488 spe-

183 501 280 577 ctari,
317 498 373 564 sed
405 494 601 582 superiorem
632 494 728 558 vitam
757 512 796 557 ex
824 497 883 558 bac
905 513 941 557 re
963 491 1155 580 improbari,
1192 501 1225 558 et
1245 503 1299 560 aut
1319 503 1509 580 potestatem

182 603 253 660 ante
274 591 423 679 peccandi
443 610 506 655 non
527 587 623 652 luisse
644 595 697 652 aut
718 607 861 667 causam;
901 594 972 664 aut,
1007 588 1034 653 si
1054 591 1131 654 haec
1152 586 1216 654 diei
1250 609 1315 654 nnn
1346 598 1507 676 poterunt,

183 689 349 756 dicendum
370 684 430 752 erit
449 683 528 748 illud
549 690 741 757 extremum,
775 701 840 746 non
861 701 930 746 esse
952 683 1082 756 mirum,
1112 684 1140 749 si
1168 702 1251 748 nunc
1271 685 1409 770 primum
1431 684 1509 752 deli-

161 784 304 869 squerit3
319 774 324 794 ¹
340 800 412 845 nam
433 796 561 842 necesse
584 795 652 840 esse
679 795 769 850 eum,
804 774 858 862 qui
886 774 962 840 velit
990 796 1139 863 peccare,
1174 776 1343 864 aliquando
1370 779 1507 866 primum

185 875 381 960 delinquere.
426 871 481 937 Sin
502 869 565 935 vita
587 877 659 934 ante
680 876 749 934 acta
769 869 981 954 ignorabitur,
1014 875 1075 938 boe
1095 871 1167 938 loeo
1187 871 1359 956 praeterito
1380 881 1428 950 et,
1450 895 1509 940 cur

184 974 417 1056 praetereatur,
450 963 679 1042 demonstrato,
713 963 906 1050 argumentis
934 966 1167 1033 accusationem
1194 965 1298 1033 stetim
1319 965 1508 1034 confirmare

184 1062 350 1132 oortehit

204 1082 225 1149 p
266 1160 322 1222 xl.
356 1159 408 1221 35.
443 1155 597 1220 Defensor
625 1159 730 1218 autem
757 1150 908 1239 primum,
942 1155 969 1218 si
990 1155 1121 1240 poterit,
1155 1153 1284 1222 debebit
1302 1158 1399 1224 vitam
1421 1158 1507 1236 eius,

146 1250 238 1338 ioqui
258 1247 503 1324 insinuabitur,
527 1266 620 1331 quam
641 1249 1133 1315 honestissimamdemonstrare.
1176 1249 1211 1317 ld
1227 1249 1335 1328 saciet,
1358 1254 1385 1318 si
1400 1263 1508 1320 osten-

183 1343 237 1425 det
265 1343 368 1430 aliqua
401 1342 469 1407 eins
495 1350 569 1407 nota
597 1347 629 1405 et
656 1340 832 1406 eommunia
860 1339 980 1406 officia:
1018 1345 1105 1428 qnod
1132 1365 1249 1428 genus,
1283 1347 1317 1411 in
1344 1356 1506 1432 parentes,

184 1447 345 1524 cognatos,
368 1435 502 1512 amicos,
524 1432 647 1510 affines,
669 1435 880 1512 necessarios;
904 1435 997 1500 etiam
1019 1457 1099 1523 quae
1121 1438 1220 1523 magis
1242 1459 1313 1504 rara
1335 1448 1367 1505 et
1388 1443 1506 1508 eximia

182 1540 270 1610 sunt,
307 1531 335 1597 si
355 1535 395 1596 ab
418 1550 457 1594 eo
480 1550 551 1594 curn
572 1547 685 1614 magno
706 1528 824 1616 aliquid
852 1530 962 1595 labore
983 1539 1038 1595 aut
1058 1531 1198 1617 periculo
1221 1541 1274 1598 aut
1296 1541 1429 1621 utraque
1450 1558 1506 1613 re,

183 1651 254 1694 eum
277 1646 405 1692 necesse
427 1645 490 1688 nou
511 1632 609 1698 esset,
633 1621 728 1688 officii
750 1643 842 1688 causa
863 1632 916 1689 ant
937 1623 970 1689 in
990 1644 1058 1690 rem
1073 1627 1230 1712 publicam
1246 1635 1299 1692 aut
1313 1628 1345 1694 in
1360 1640 1507 1715 parentes

145 1737 174 1779 1⁶
183 1731 237 1788 aut
259 1722 292 1787 in
314 1723 436 1804 aliquos
458 1738 587 1793 eorum,
611 1717 666 1803 qui
686 1720 782 1782 modo
797 1717 930 1803 expositi
944 1727 1030 1792 sunt,
1052 1718 1169 1785 factum
1183 1742 1253 1787 esse
1268 1725 1368 1801 dicet3
1393 1723 1506 1791 deinde

183 1837 218 1882 se
247 1813 324 1880 nibil
357 1812 541 1899 deliquisse,
575 1811 660 1877 nuilla
690 1809 859 1897 cupiditate
891 1813 1077 1897 impeditum
1110 1818 1149 1879 ab
1184 1814 1290 1883 ollicio
1322 1820 1503 1886 recessisse.

185 1912 277 1989 Quod
300 1929 340 1974 eo
361 1905 576 1973 confirmatius
597 1905 669 1982 erit,
692 1905 733 1981 si,
756 1926 826 1970 cum
848 1915 986 1990 potestas
1007 1910 1134 1991 impune
1155 1908 1274 1994 aliquid
1294 1910 1431 1979 faciendi
1449 1918 1507 1980 mi·

184 2025 242 2070 nus
268 2008 398 2068 honeste
425 2000 521 2085 luisse
548 1999 682 2075 dicetur,
717 2002 860 2065 voluntas
881 2000 911 2066 ei
932 2000 1066 2067 faciendi
1090 2000 1356 2072 demonstrabitur
1378 2008 1505 2076 aluisse.

184 2103 235 2166 36.
257 2102 326 2163 Ηοο
347 2105 451 2161 autem
472 2095 576 2181 ipsum
598 2115 696 2178 genus
717 2093 777 2158 erit
797 2115 837 2160 eo
858 2093 997 2172 firmius,
1025 2098 1051 2161 si
1073 2116 1112 2162 eo
1133 2096 1205 2180 ipso
1226 2098 1260 2163 in
1280 2121 1417 2183 genere,
1442 2125 1506 2191 quo

147 2217 175 2256 ro
184 2202 344 2278 arguetur,
366 2191 488 2273 integer
509 2197 579 2253 ante
600 2188 696 2254 luisse
717 2186 999 2254 demonstrabitur:
1022 2199 1058 2255 ut
1078 2191 1121 2267 si,
1145 2212 1216 2258 cum
1237 2195 1387 2261 avaritiae
1411 2219 1506 2264 causa

183 2287 295 2353 fecisse
317 2293 483 2369 arguetur,
505 2283 632 2347 minime
655 2282 741 2347 omni
762 2281 795 2346 in
816 2281 882 2348 vita
901 2286 1051 2368 pecuniae
1073 2284 1205 2372 cupidus
1226 2286 1323 2354 luisse
1340 2294 1503 2358 doceatur.

184 2381 242 2446 Hic
263 2381 316 2444 illa
337 2399 450 2462 magna
471 2397 541 2442 cum
563 2380 714 2461 gravime
735 2374 901 2442 inducetur
928 2376 1119 2462 indignatio,
1153 2379 1258 2447 iuncta
1286 2387 1505 2469 conquestioni

183 2496 336 2562 perquam
358 2473 506 2537 miserum
528 2471 647 2536 lacinus
669 2491 737 2536 esse
759 2479 790 2536 et
811 2470 991 2555 indignum,
1025 2494 1096 2538 cum
1124 2475 1246 2540 animus
1266 2478 1300 2541 in
1325 2479 1387 2543 vita
1408 2481 1507 2546 fuerit

184 2571 271 2634 omni
290 2590 309 2634 a
329 2569 412 2634 vitiis
433 2565 677 2640 remotissimus,
708 2585 777 2629 eam
799 2585 923 2630 causam
945 2575 1073 2649 putare,
1104 2587 1184 2654 quae
1206 2573 1350 2637 homines
1372 2572 1505 2641 audaces

146 2667 216 2727 asin
238 2662 380 2728 fraudem
402 2681 517 2746 rapere·
536 2659 647 2734 soleat,
685 2658 889 2724 castissimum
919 2681 1046 2745 quoque
1067 2662 1228 2729 bominem
1249 2667 1291 2729 ad
1313 2667 1506 2749 peccandum

183 2757 323 2842 potuisse
345 2754 524 2839 impellere;
545 2761 599 2818 aut
620 2751 761 2838 iniquum
784 2773 853 2818 esse
875 2761 907 2817 et
927 2754 1047 2837 optimo
1069 2758 1184 2841 cuique
1205 2759 1505 2843 perniciosissimum

182 2873 246 2917 non
267 2852 362 2917 ritum
383 2853 514 2915 honeste
535 2856 633 2912 actam
654 2846 708 2911 tali
730 2852 760 2912 in
783 2856 926 2931 tempore
947 2868 1042 2934 quarn
1063 2852 1234 2935 plurimum
1256 2852 1425 2938 prodesse,
1449 2856 1506 2923 sed

182 2943 285 3011 subita
307 2966 347 3010 ex
367 2943 597 3017 criminatione,
621 2962 701 3026 quae
723 2940 858 3026 confingi
879 2942 1019 3026 quamvis
1041 2941 1131 3009 facile
1152 2946 1269 3028 possit,
1293 2968 1358 3012 non
1374 2971 1415 3013 ex
1431 2959 1504 3015 ante

183 3040 350 3114 convita,
386 3058 465 3122 quae
492 3057 594 3121 neque
617 3038 657 3099 ad
678 3044 800 3122 tempus
821 3036 897 3121 fingi
919 3057 1020 3123 neque
1041 3037 1108 3103 ullo
1129 3038 1225 3104 modo
1247 3042 1361 3106 mutari
1386 3043 1503 3129 possit,

147 3133 287 3198 sefacere
308 3130 469 3198 iudicium.
514 3135 565 3195 37.
599 3130 653 3195 Sin
682 3139 786 3195 autem
814 3129 848 3195 in
875 3139 947 3194 ante
973 3139 1040 3194 acta
1062 3131 1126 3196 vita
1146 3133 1270 3219 aliquae
1292 3135 1505 3220 turpitudines

185 3236 292 3302 erunt,
317 3234 370 3291 aut
390 3226 470 3290 lelso
492 3224 614 3289 venisse
635 3225 668 3289 in
691 3245 760 3289 eam
782 3224 1044 3290 existimationem
1067 3225 1191 3292 dicetur
1212 3237 1243 3293 et
1264 3249 1304 3294 ex
1325 3233 1504 3317 aliquorum

183 3321 300 3387 invidia
322 3328 376 3386 aut
397 3322 624 3385 obtrectatione
646 3328 699 3383 aut
718 3317 794 3382 falsa
815 3318 983 3401 opinione;
1022 3327 1074 3384 aut
1094 3319 1344 3407 imprudentiae,
1368 3325 1505 3390 necessi·

184 3415 299 3491 tudini,
333 3413 543 3500 persuasioni,
578 3412 807 3478 adolescentiae
836 3422 890 3477 aut
915 3413 1007 3477 alicui
1029 3435 1092 3479 non
1115 3414 1287 3483 malitiosae
1310 3419 1406 3483 animi
1428 3419 1505 3484 alie·

184 3513 279 3575 ctioni
301 3506 508 3575 attribuentur
530 3515 584 3572 aut
604 3507 747 3572 dissimili
768 3507 801 3572 in
825 3527 942 3591 genere
963 3507 1130 3582 vitiorum,
1152 3517 1187 3574 ut
1208 3510 1327 3576 animus
1350 3534 1413 3577 non
1436 3535 1505 3579 om-

147 3605 259 3670 ssnino
274 3605 410 3687 integer,
434 3606 488 3667 sed
507 3599 546 3666 ab
569 3601 622 3666 tali
645 3600 736 3684 culpa
758 3612 896 3672 remotus
919 3622 987 3666 esse
1009 3601 1161 3671 videatur.
1205 3604 1289 3669 Acsi
1306 3606 1503 3672 nullomodo

184 3699 265 3765 vitae
286 3700 447 3784 turpitudo
469 3705 522 3761 aut
542 3694 668 3760 infamia
689 3694 781 3760 leniri
803 3698 917 3781 poterit
937 3698 1096 3775 oratione,
1130 3717 1245 3783 negare
1275 3703 1436 3786 oportebit
1463 3699 1504 3766 de

254 3911 279 3960 l.
299 3912 417 3971 oportere
434 3921 489 3958 non
507 3907 562 3957 AT.
585 3933 613 3944 -
635 3908 769 3969 superiore
787 3906 852 3956 Pll:
872 3907 1002 3970 superiori
1019 3905 1097 3957 ΑΤΕ.
1119 3930 1150 3943 -
1169 3907 1196 3959 5.
1216 3921 1268 3958 esse
1286 3907 1377 3959 Lomb.
1398 3923 1505 3961 rursus·

185 3992 237 4045 que
252 3981 366 4030 contrott
379 3978 439 4028 an.
453 3993 461 4028 z
482 3984 519 4027 est
531 3978 551 4026 Ε
565 3990 622 4027 cum
636 3977 704 4027 ΡΕΤ
717 3985 744 4028 et
756 3989 824 4027 cerr.
838 3977 870 4026 Α.
891 3977 957 4037 (orn.
971 3991 1011 4039 pr.
1025 3979 1058 4037 Α,
1074 3977 1146 4028 unde
1164 3985 1275 4041 apparet
1293 3982 1388 4030 errorls
1406 3980 1504 4044 ortgo.)

184 4077 217 4088 -
236 4051 279 4101 13.
299 4049 402 4114 aliquid
420 4048 506 4099 Schol·
527 4048 597 4099 Oud.
618 4048 769 4099 Grevenb.=
789 4049 880 4112 aliquo
898 4049 1022 4098 ΡΑΕΤΕ.
1041 4072 1069 4082 -
1091 4049 1134 4098 15.
1153 4047 1253 4111 foetum
1265 4062 1316 4100 esse
1329 4049 1419 4101 PART
1439 4052 1504 4102 anul-

184 4125 257 4185 ttque
276 4121 335 4171 sllt:
364 4118 463 4180 {notum
481 4119 582 4183 aliquid
599 4132 653 4169 esse
671 4119 708 4177 Ε,
738 4116 813 4179 {octo
831 4131 884 4169 esse
902 4119 967 4170 (lod.
987 4117 1038 4168 Ale
1058 4118 1149 4168 Lemb.
1170 4119 1231 4169 Seli.
1253 4144 1284 4157 -
1312 4120 1355 4171 13.
1374 4135 1401 4171 se
1419 4121 1505 4180 (dicet

184 4193 307 4244 defensor
326 4205 356 4242 aa
374 4191 412 4240 rel
434 4188 556 4252 persona)
575 4189 682 4248 Plan,
701 4189 813 4242 Vossl.
833 4190 908 4240 Leld.
927 4190 950 4240 1.
969 4189 1019 4238 ΙΙΙ.
1039 4189 1060 4238 Β
1078 4189 1269 4242 Llndsnrsanl:
1298 4192 1323 4240 si
1342 4193 1379 4251 Ε,
1405 4205 1457 4242 orn.
1477 4206 1504 4243 ss

184 4277 242 4314 oum
263 4261 361 4326 Gryph.
381 4260 463 4312 altero
476 4260 551 4310 Grnt.
572 4260 633 4320 (Sed
654 4270 766 4324 utraque
786 4264 813 4311 tn
831 4264 931 4311 rstlone
949 4274 973 4312 r.
994 4262 1108 4311 ostendet
1125 4263 1202 4311 nlrnls
1222 4268 1349 4313 remotum
1369 4268 1419 4312 est.
1438 4261 1503 4324 On.)

186 4360 214 4371 -
235 4334 278 4385 20.
305 4336 367 4383 onte
390 4331 498 4381 PART:
528 4337 607 4381 anteo
629 4332 659 4381 Ε.
685 4355 717 4365 -
748 4330 793 4382 23.
819 4344 947 4396 perquem
964 4355 976 4367 ·
998 4356 1010 4367 ·
1036 4331 1177 4394 indignum
1202 4346 1261 4382 cum
1283 4331 1429 4384 Gruterus:
1454 4346 1504 4396 per

183 4416 263 4465 quom
279 4427 290 4439 ·
308 4429 319 4439 ·
338 4404 477 4465 indipnnm
504 4401 725 4452 demonstrabitur
747 4406 778 4451 nt
800 4415 857 4451 enm
873 4400 966 4451 PART
995 4401 1111 4463 alllque,
1138 4414 1186 4463 per
1210 4414 1291 4465 quem
1307 4426 1319 4437 ·
1336 4427 1347 4438 ·
1363 4404 1504 4467 indignans

184 4473 423 4532 demoristrnbitur,
451 4487 509 4523 cnm
527 4473 581 4522 Le.
602 4497 633 4509 -
660 4474 690 4520 s'n
706 4473 764 4521 nito
781 4469 860 4533 fuerit
877 4473 950 4520 omni
967 4472 1006 4532 P,
1037 4470 1127 4522 Sobel.
1147 4472 1219 4522 Oud.
1240 4472 1353 4533 allique:
1386 4475 1457 4524 omni
1473 4477 1504 4524 ln

182 4546 240 4592 vite
256 4542 455 4609 sueritnll'l'll.
484 4569 517 4580 -
545 4543 590 4593 28.
617 4544 736 4606 quamuis
755 4555 806 4592 om.
824 4542 859 4601 ll,
879 4541 973 4593 Graes.
994 4566 1025 4577 -
1056 4544 1100 4593 22.
1125 4544 1224 4592 mutari
1244 4542 1333 4592 PART
1358 4555 1503 4607 omnesque

184 4614 272 4663 Oud.:
290 4616 426 4664 immutari
444 4614 474 4664 Ε.
494 4639 528 4648 -
546 4613 590 4664 31.
609 4615 715 4663 inerunt
734 4613 809 4663 Voss.
829 4611 851 4662 1.
871 4612 946 4663 Letd.
968 4613 1016 4662 llt.
1035 4612 1182 4664 Schutztus·
1203 4611 1247 4677 (Ut
1264 4626 1330 4673 nos,
1351 4613 1459 4676 nostrl.)
1473 4637 1501 4649 -

183 4684 439 4744 dieetnrli,1.eld.
460 4686 480 4732 1.
501 4684 537 4732 ll.
561 4685 599 4733 L:
630 4682 865 4733 dioentanATE.
891 4706 919 4716 —
939 4687 964 4732 et
982 4695 1016 4732 en
1035 4683 1104 4734 ΡΑΤ
1123 4691 1149 4735 et
1168 4696 1258 4734 omnes
1281 4683 1373 4734 0ud.=
1403 4692 1452 4734 ont
1471 4698 1505 4736 es

183 4753 238 4803 lili.
260 4778 289 4790 -
309 4755 351 4804 32.
370 4756 570 4808 necessitudini.
588 4754 773 4816 persuasioni,
793 4753 983 4803 adolescentiae
999 4753 1075 4805 Leld.
1096 4754 1130 4805 ll.
1150 4753 1234 4805 Onon.
1255 4766 1338 4804 unus:
1363 4757 1503 4805 necessitu-

184 4824 245 4874 dine
262 4830 287 4873 et
300 4828 470 4884 persuasione
487 4825 674 4876 adolescentiae
691 4823 772 4883 PsT,
790 4824 972 4874 necessitudini
989 4831 1036 4876 ent
1054 4825 1222 4889 persuasioni
1238 4823 1427 4876 adolescentiae
1443 4825 1501 4877 tte.

185 4919 215 4932 -
235 4893 278 4946 35.
299 4894 333 4945 cb
351 4896 402 4947 toli
419 4895 482 4947 PR:
511 4895 562 4947 teli
578 4895 613 4947 eb
629 4893 692 4958 ΔΤ,
710 4908 728 4945 e
745 4893 795 4945 solt
812 4892 844 4944 Ε.
