3232 5392
622 219 656 285 C.
680 218 732 289 66.
754 219 807 283 67.
830 219 882 284 68.
906 219 957 284 60.
1389 219 1452 286 686

128 402 190 471 que
215 400 281 447 uon
309 398 437 445 omnem
465 377 770 446 commendationem
798 378 918 464 ingenii
948 384 1122 455 everteret,
1156 378 1258 444 maius
1282 397 1399 444 nomen
1419 378 1453 447 in

128 481 269 567 patronis
291 476 412 541 luisset
457 477 527 540 Non
546 481 613 539 erat
627 470 806 548 abundans,
831 494 894 538 non
909 473 1001 560 inops
1016 483 1136 550 tameu3
1159 494 1223 538 non
1238 472 1329 539 valde
1342 472 1452 549 nitens,

127 594 193 638 666
214 573 306 657 plane
327 566 458 634 horrida
479 567 601 644 oratio;
626 587 705 641 vox,
728 576 833 651 gestus
855 575 887 633 et
908 570 1010 634 omnis
1032 569 1113 633 actio
1136 568 1204 633 sine
1225 566 1352 653 lepore:
1376 575 1409 632 at
1421 567 1455 634 iu

127 663 325 732 inveniendis
346 661 634 749 componendisque
656 659 752 727 rebus
774 661 853 727 mira
875 663 1049 738 accuratio,
1081 671 1116 728 ut
1136 683 1201 728 non
1221 661 1313 727 facile
1335 662 1368 728 in
1389 661 1455 728 ullo

128 759 361 845 diligentiorem
385 756 600 841 maioremque
622 758 843 839 cognoverim,
877 759 933 823 sed
962 778 1031 823 eam
1057 765 1092 822 ut
1117 759 1208 823 citius
1235 755 1472 824 veteratoriam

128 874 223 941 66661
245 851 415 918 oratoriam
437 850 572 917 diceres.
617 851 677 914 llic
709 852 768 915 etsi
797 852 891 917 etiam
912 851 945 915 in
966 849 1100 936 publicis
1122 852 1225 917 causis
1245 848 1455 937 probabatur,

131 949 289 1013 tamenin
311 947 441 1032 privatis
463 944 666 1011 illustriorem
690 941 852 1009 obtinebat
872 943 987 1010 locum.
1031 947 1169 1011 nxvut
1193 947 1264 1016 239.
1289 946 1456 1012 (6661666

129 1042 218 1114 Piso,
240 1038 386 1105 statarius
409 1047 440 1104 et
462 1037 615 1105 sermonis
638 1038 752 1122 plenus
774 1048 898 1114 orator,
922 1040 1050 1104 minimo
1069 1038 1122 1106 ille
1145 1039 1272 1126 quidem
1293 1040 1402 1107 tardus
1422 1042 1456 1109 in

130 1131 355 1218 excogitando,
393 1143 609 1200 verumtamen
644 1131 734 1198 vultu
766 1140 798 1197 et
827 1135 1026 1200 simulatione
1058 1132 1157 1200 multo
1192 1136 1286 1199 etiam
1315 1136 1454 1214 acutior,

130 1248 223 1313 quam
245 1235 329 1306 erat,
363 1229 541 1294 videbatur.
586 1230 664 1292 Nam
693 1225 762 1292 eius
789 1226 953 1312 aequalem
973 1231 1024 1293 Μ’.
1040 1228 1243 1294 Glabrionem
1264 1226 1347 1297 6666
1367 1227 1495 1295 iusti-¹⁰

131 1332 231 1389 tutum
258 1325 310 1388 avi
339 1324 509 1388 Scaevolae
537 1321 699 1407 diligentia
721 1340 830 1387 socors
850 1322 950 1407 ipsius
972 1331 1084 1387 natura
1107 1321 1332 1410 negligensque
1352 1324 1458 1391 tarda-

130 1427 231 1485 verat
272 1415 374 1482 Etiam
395 1420 431 1482 1..
450 1421 629 1502 Torquatus
651 1416 777 1501 elegans
794 1417 993 1492 indicendo,
1015 1419 1049 1482 in
1064 1418 1272 1484 existimando
1287 1422 1457 1487 admodum

131 1511 289 1599 prudens,
325 1519 391 1577 toto
415 1533 529 1597 genere
550 1509 758 1597 perurbanus.
803 1514 893 1577 Meus
915 1518 1019 1577 autem
1041 1512 1179 1596 aequalis
1201 1515 1258 1580 Cn.
1272 1513 1456 1602 Pompeius,

131 1607 181 1673 vir
210 1609 250 1672 ad
278 1605 383 1671 omnia
410 1626 532 1671 summa
559 1614 664 1681 natus,
701 1609 856 1671 maiorem
879 1604 1003 1671 dicendi
1026 1604 1159 1691 gloriam
1180 1604 1358 1684 habuisset,
1395 1609 1458 1679 nisi

132 1722 204 1767 enm
225 1699 355 1766 maioris
377 1698 497 1784 gloriae
519 1699 673 1787 cupiditas
694 1699 735 1766 ad
755 1698 883 1765 bellicas
904 1701 1013 1766 laudes
1034 1702 1247 1769 abstraxisset
1291 1706 1366 1770 Erat
1388 1712 1495 1771 ora-¹⁶

132 1797 219 1863 tione
240 1793 315 1861 satis
337 1796 473 1882 amplus,
506 1814 575 1859 rem
603 1793 776 1880 prudenter
798 1793 942 1874 videbat3
977 1795 1059 1860 actio
1081 1815 1157 1861 vero
1179 1795 1246 1861 eius
1267 1799 1404 1864 babebat
1424 1808 1458 1867 et

131 1892 165 1958 iu
186 1912 265 1959 voce
287 1909 434 1976 magnum
456 1890 657 1976 splendorem
680 1897 712 1955 et
731 1889 765 1954 in
788 1897 877 1955 motn
891 1908 1046 1955 summam
1061 1888 1254 1974 dignitatem.
1297 1896 1371 1958 sto.
1395 1897 1459 1982 Np-

132 1996 198 2052 ster
218 1988 293 2052 item
315 1983 454 2072 aequalis
474 1987 514 2049 Ι).
532 1982 676 2060 Silanus,
710 1981 842 2048 vitricus
868 1991 955 2060 tuus,
989 1982 1084 2049 studii
1113 1983 1166 2050 ille
1193 1987 1321 2070 quidem
1348 1990 1459 2055 habuit

132 2101 196 2146 non
216 2081 366 2155 multum,
390 2075 447 2143 sed
467 2075 619 2141 acuminis
641 2084 674 2140 et
694 2077 847 2145 orationis
869 2081 955 2145 satis.
1002 2080 1246 2165 occupetur,
1268 2085 1306 2152 11.
1324 2084 1380 2160 a,
1404 2086 1459 2168 qui

132 2175 313 2264 Bithynicus
335 2172 436 2239 dictus
457 2180 521 2248 est,
556 2169 685 2237 biennio
707 2193 801 2259 quam
822 2193 880 2239 nos
901 2172 1034 2240 fortasse
1057 2175 1172 2250 maior,
1205 2196 1328 2241 summo
1351 2180 1494 2247 studeo

133 2272 258 2337 dicendi
279 2267 439 2352 multaque
462 2267 622 2341 doctriua,
646 2265 824 2332 incredibili
845 2269 955 2334 labore
970 2276 1064 2354 atque
1078 2270 1251 2350 industria;
1276 2270 1362 2356 quod
1376 2273 1458 2339 scire

132 2385 280 2453 pessuma
309 2362 369 2428 luit
389 2363 474 2426 enim
497 2381 621 2427 mecum
643 2368 675 2425 et
695 2381 767 2425 cum
788 2361 1053 2429 meteororum
1083 2364 1220 2430 amicitia
1250 2373 1317 2431 tnm
1347 2365 1459 2434 studiis

134 2457 471 2541 exercitationibusque
493 2456 688 2520 coniunctus.
733 2456 835 2519 Huius
857 2458 938 2523 actio
959 2477 1022 2521 non
1044 2459 1118 2522 satis
1133 2458 1373 2527 commendabat
1387 2484 1459 2531 ora·

133 2554 272 2630 tionem;
310 2553 343 2615 in
373 2550 431 2615 666
462 2551 545 2614 66116
577 2551 651 2614 satis
680 2555 746 2613 erat
773 2550 901 2635 copiae,
937 2550 970 2615 in
998 2549 1052 2615 illa
1073 2561 1176 2616 autem
1199 2552 1316 2636 leporis
1338 2575 1458 2640 parum.

133 2649 205 2714 261.
238 2650 314 2712 Erat
343 2647 411 2711 eius
438 2643 577 2729 aequalis
603 2645 637 2712 P.
658 2645 830 2709 Autronius
851 2663 930 2709 voce
950 2653 1099 2730 peracuta
1119 2654 1213 2733 atque
1237 2668 1366 2733 magna,
1401 2666 1496 2719 66661

133 2743 195 2808 alia
216 2762 251 2807 re
272 2739 336 2806 ulla
356 2736 546 2826 probabilis,
581 2746 612 2803 61
631 2740 668 2802 L.
693 2738 841 2803 Octavios
862 2744 1029 2814 Reatinus,
1060 2738 1130 2825 qui,
1167 2762 1239 2807 cum
1260 2741 1458 2813 multaciam

134 2856 244 2903 causas
265 2835 398 2909 diceret,
421 2832 603 2899 adolescens
626 2840 673 2897 est
694 2840 848 2898 mortuus.
892 2838 1049 2899 letamen
1071 2838 1110 2900 ad
1132 2833 1298 2903 dicendum
1313 2838 1460 2908 veniebat

134 2933 232 3016 magu
253 2932 404 2996 audacter
426 2947 519 3012 quam
541 2933 660 3011 parate.
705 2929 746 2991 Et
773 2928 807 2992 C.
829 2929 989 3004 Staienus,
1021 2928 1076 3015 qui
1104 2949 1139 2995 se
1166 2931 1235 3013 ipse
1256 2931 1461 3019 adoptaverat

135 3029 232 3092 etde
262 3027 390 3090 Staieno
416 3021 540 3088 Aelium
568 3019 703 3094 lecerat,
738 3018 860 3086 fervido
889 3025 1025 3107 quodam
1054 3029 1086 3087 et
1112 3023 1265 3109 petrdanti
1287 3035 1319 3091 61
1338 3028 1459 3096 furioso

135 3139 251 3205 genere
265 3117 406 3195 dicendi;
432 3118 518 3203 quod
531 3119 606 3199 quia
619 3113 725 3180 multis
747 3124 871 3198 gratum
894 3123 962 3181 erat
983 3124 1015 3182 et
1035 3114 1245 3203 probabatur,
1267 3127 1497 3199 ascendisset!t

135 3212 175 3280 66
204 3216 355 3287 honores,
391 3208 452 3276 nisi
480 3211 514 3273 in
542 3209 681 3273 facinore
711 3208 878 3276 manifesto
906 3209 1120 3296 deprehensus
1143 3233 1261 3298 poenas
1281 3214 1405 3301 legibus
1426 3228 1459 3289 ot

135 3306 253 3372 iudicio
275 3309 422 3371 dedisset.
464 3305 576 3369 LXIX.
599 3306 670 3368 202
703 3305 826 3368 Eodem
847 3312 987 3393 tempore
1010 3306 1045 3371 C.
1069 3317 1101 3372 et
1121 3311 1158 3373 1..
1183 3309 1325 3395 Caepasii
1345 3310 1461 3381 1661666

135 3399 278 3476 luerunt,
302 3400 356 3487 qui
378 3397 475 3464 multa
496 3417 610 3481 opera,
633 3395 733 3482 ignoti
755 3397 899 3466 homiues
920 3410 951 3466 et
972 3402 1145 3485 repentini,
1173 3413 1357 3490 quaestores
1378 3406 1462 3475 cele-

137 3498 213 3563 riter
233 3496 306 3563 sacti
329 3502 416 3572 sunt;
450 3492 609 3580 oppidano
639 3489 777 3577 quodam
806 3501 838 3559 et
857 3493 1019 3561 incondito
1040 3516 1157 3580 genere
1179 3496 1314 3568 dicendi.
1355 3503 1462 3569 6666·

135 3611 206 3656 mus
226 3594 289 3655 huc
311 3594 421 3664 etiam,
453 3609 494 3653 66
516 3608 610 3673 quem
630 3584 773 3653 vocalem
795 3589 984 3675 praeterisse
1004 3591 1180 3668 videamur,
1210 3593 1246 3659 C.
1271 3595 1496 3665 corrosione

138 3684 349 3762 Calidianum,
385 3681 439 3768 qui
459 3684 548 3749 nullo
569 3680 713 3747 acumine
735 3700 804 3746 eam
825 3691 929 3749 tamen
949 3686 1120 3752 verborum
1140 3689 1283 3772 copiam,
1317 3693 1460 3779 siquam

136 3777 289 3853 babebat,
311 3775 483 3866 praebebat
503 3775 621 3862 populo
643 3795 714 3841 cum
735 3774 833 3842 multa
856 3778 1096 3847 concursatione
1117 3802 1294 3871 magnoque
1310 3785 1459 3861 clamore.

138 3876 232 3953 Quod
253 3872 337 3939 idem
359 3869 494 3937 sedebat
515 3873 555 3948 Q.
576 3872 701 3947 Arrius,
723 3872 777 3958 qui
797 3870 858 3936 irrit
878 3875 921 3938 ll.
939 3868 1041 3939 Crassi
1061 3877 1150 3961 quasi
1167 3878 1385 3947 secundarum.
1428 3886 1460 3950 Is

138 3967 284 4035 omuibus
314 3965 458 4052 exemplo
490 3968 585 4031 debet
612 3986 699 4043 esse,
732 3974 882 4053 quantum
910 3965 943 4031 in
971 3971 1031 4035 666
1049 3974 1130 4037 6166
1151 3972 1267 4059 polleat
1286 3978 1460 4045 multorum

138 4061 269 4129 obedire
290 4061 426 4147 tempori
447 4060 678 4149 multorumque
699 4060 752 4126 vel
773 4059 888 4127 honori
903 4060 957 4128 vel
974 4065 1117 4150 periculo
1131 4071 1261 4136 servire.
1306 4074 1378 4138 243.
1400 4073 1497 4140 nir-to

138 4159 224 4223 enim
246 4159 356 4232 rebus,
378 4152 485 4219 infimo
508 4156 580 4221 loco
602 4163 708 4231 natus,
731 4163 762 4221 et
783 4155 919 4223 bonores
940 4165 972 4224 et
991 4161 1156 4244 pecuniam
1178 4172 1210 4229 et
1231 4165 1361 4249 gratiam
1383 4190 1460 4237 con-

139 4259 277 4326 secutus,
300 4249 393 4317 etiam
415 4249 447 4314 in
469 4259 674 4334 patronorum
697 4251 764 4316 sine
785 4249 941 4327 doctrina,
964 4254 1032 4319 sine
1053 4256 1180 4340 ingenio
1197 4256 1333 4343 aliquem
1348 4282 1459 4328 nume-

138 4367 210 4412 rum
231 4352 429 4432 pervenerat.
475 4342 537 4410 Sed
558 4352 592 4409 ut
613 4345 737 4429 pugiles
757 4343 969 4423 inexercitati,
1002 4347 1124 4415 etiamsi
1154 4371 1276 4437 pugnos
1299 4364 1331 4421 61
1351 4354 1459 4442 plagas

140 4441 355 4528 Olympiorum
378 4438 484 4526 cupidi
505 4439 590 4506 ferre
612 4445 754 4526 possunt,
779 4437 878 4506 solem
899 4447 1004 4507 tamen
1026 4464 1120 4529 saepe
1133 4445 1218 4512 lerre
1232 4458 1458 4536 nonpossunt,

211 4667 236 4719 1.
255 4669 379 4718 6166616661
397 4665 472 4718 116616
492 4664 674 4719 666611616111.
695 4667 764 4717 6661.
785 4691 815 4704 -
846 4665 1049 4721 21666611).
1070 4668 1116 4734 bg.
1135 4672 1254 4736 (practer
1270 4673 1314 4728 20.
1335 4674 1378 4731 36.
1397 4675 1458 4744 66.)

141 4735 230 4791 01166.
251 4736 302 4788 Gn.
322 4739 348 4788 1.
367 4737 394 4787 2.
413 4736 509 4791 116666.
528 4739 552 4790 11
570 4737 657 4789 6161611
675 4735 706 4786 T·
727 4759 759 4774 -
778 4736 822 4788 21.
843 4736 958 4790 61166661
976 4738 1067 4790 lamb.
1085 4764 1116 4779 -
1134 4741 1179 4794 21.
1197 4750 1316 4797 motum
1330 4748 1457 4801 6612.-

141 4809 185 4860 28.
205 4808 233 4861 c.
248 4807 534 4860 statuae-statmo
553 4808 612 4860 11661
630 4813 657 4861 61
675 4807 714 4869 n,
733 4819 803 4870 6666
816 4816 887 4862 66616
906 4816 947 4861 661
963 4813 1107 4872 scripturas
1134 4811 1162 4862 6.
1180 4813 1341 4868 31616666--
1352 4819 1459 4874 sentem

141 4880 217 4935 111616
229 4885 336 4932 6661666
349 4879 380 4932 B.
394 4904 429 4918 -·
445 4878 721 4934 dorostorensem
735 4877 786 4933 (16.
799 4879 827 4932 2.
839 4880 936 4934 1116611.
948 4893 1002 4935 om.
1014 4880 1161 4938 2611611166.
1176 4910 1212 4924 -
1227 4885 1273 4941 to.
1285 4891 1457 4947 1666660611.
