3232 5392
559 231 636 293 LIB.
661 232 714 297 IV.
760 228 795 292 C.
818 230 871 292 ιι.
896 226 949 293 23.
973 229 1025 294 ιι.
1412 224 1452 296 lib

125 389 280 455 malorum
303 387 437 477 perfidia
459 410 518 473 per
539 389 639 454 scelus
661 389 724 454 rita
745 388 891 471 privavit.
938 394 1039 466 Tuus,
1070 391 1228 463 oDruse‚
1251 387 1376 473 sanguis
1398 386 1453 453 do·
1565 398 1568 403 '

126 487 275 550 mesticos
307 487 442 570 parietes
475 493 507 548 et
538 483 658 548 vultum
690 483 828 568 parentis
857 485 999 569 aspersit.
1043 481 1237 570 Sulpicium,
1276 482 1325 547 cui
1347 483 1452 569 paullo
1523 538 1527 545 ,

125 587 196 644 aute
218 580 324 644 omnia
347 577 581 654 concedebant,
606 599 678 642 cum
701 577 790 643 brevi
811 582 913 663 spatio
935 600 998 642 nou
1019 580 1114 642 modo
1138 577 1265 652 vivere,
1288 575 1453 641 sedetiam

126 673 251 759 sepeliri
284 672 522 782 prohibuerunt.
579 676 631 736 32.
668 674 753 736 llaec
781 676 841 737 tria
872 672 1016 755 proxima
1049 692 1164 757 genera
1198 675 1450 745 exornatiounm,

126 789 261 854 quorum
284 789 380 832 unum
405 768 434 832 in
457 767 599 832 similiter
620 763 817 839 cadentibus,
854 765 1025 829 alterum
1015 788 1048 830 ιιι
1075 765 1219 831 similiter
1240 764 1453 831 desinentibus
1477 775 1490 815 ⁵

125 862 250 935 verbis,
274 866 400 926 tertium
424 862 456 926 in
478 862 786 927 annominationibus
807 860 942 945 positum
965 869 1029 937 est,
1053 881 1186 956 perraro
1202 857 1352 925 sumenda
1368 867 1450 933 sunt,

126 976 196 1019 cum
219 956 252 1021 in
275 957 407 1020 veritate
437 954 599 1030 dicemus;
637 965 806 1041 propterea
834 958 919 1041 quod
949 975 1012 1019 uon
1042 959 1118 1020 baec
1146 955 1292 1021 videntur
1319 956 1453 1041 reperiri

125 1066 219 1134 posse
242 1050 309 1114 sine
331 1050 545 1115 elaboratione
561 1058 592 1113 et
607 1051 845 1136 consumptione
861 1069 987 1134 operae
1030 1052 1146 1114 xxlll.
1168 1048 1330 1116 Eiusmodi
1349 1061 1453 1115 autem

125 1144 228 1208 studia
257 1143 296 1208 ad
326 1145 562 1209 delectationem
596 1165 688 1231 quam
719 1144 757 1209 ad
790 1145 955 1208 veritatem
982 1142 1128 1209 videntur
1159 1143 1452 1211 accommodatiora.

126 1239 233 1315 Quare
255 1237 333 1303 fides
355 1248 386 1303 et
408 1239 543 1323 gravitas
565 1248 596 1303 et
617 1239 768 1302 severitas
790 1239 929 1304 oratoria
951 1239 1102 1303 minuitur
1124 1239 1171 1303 bis
1193 1238 1490 1306 exornetiouibusao

126 1330 311 1417 frequenter
333 1333 509 1410 collocatis,
534 1344 564 1397 ct
586 1353 649 1397 non
671 1330 765 1396 modo
789 1332 908 1396 tollitur
929 1335 1099 1397 auctoritas
1123 1332 1262 1408 dicendi,
1284 1335 1338 1401 sed
1354 1333 1453 1400 olien-

126 1424 210 1490 ditur
232 1447 358 1513 qnoque
382 1430 412 1492 in
435 1426 590 1491 eiusmodi
613 1429 776 1500 oratione,
814 1436 982 1509 propterea
1004 1427 1089 1513 quod
1111 1436 1159 1492 est
1180 1428 1212 1492 iu
1235 1428 1283 1495 bis
1312 1430 1400 1515 lepos
1423 1440 1454 1496 et

95 1587 96 1590 ,
125 1519 293 1593 festivitas,
331 1543 394 1588 non
426 1520 559 1605 dignitas
593 1541 694 1607 neque
725 1523 935 1606 pulchritudo.
965 1525 1104 1601 Quare,
1142 1545 1223 1609 quae
1249 1533 1320 1590 sunt
1349 1527 1453 1608 ampla

125 1625 220 1701 atque
242 1616 388 1703 pulchra,
422 1617 474 1681 diu
497 1617 620 1702 placere
643 1625 795 1701 possunt;
832 1637 913 1703 quae
936 1617 1040 1704 lepida
1061 1627 1093 1681 et
1114 1618 1289 1694 concinna,
1321 1622 1382 1683 cito
1406 1641 1453 1684 sa-

107 1712 233 1788 tietate
264 1711 402 1776 alliciunt
432 1712 554 1775 aurium
588 1732 712 1775 sensnm
743 1710 1034 1776 fastidiosissimum.
1087 1711 1255 1788 Quomodo
1278 1716 1391 1797 igitur,
1426 1717 1489 1779 sirs

126 1809 239 1869 crebro
273 1805 320 1869 bis
349 1804 516 1888 generibus
546 1817 691 1880 utemur,
725 1804 838 1890 puerili
870 1804 1048 1869 videbimur
1076 1805 1256 1872 elocutione
1289 1806 1450 1885 delectari,

125 1901 167 1963 ita
190 1899 217 1962 si
239 1921 313 1963 raro
338 1899 391 1963 bas
414 1901 637 1965 interseremns
659 1899 882 1965 exornationes
904 1909 935 1964 et
957 1902 989 1963 in
1012 1921 1105 1965 causa
1129 1910 1192 1965 tota
1221 1904 1306 1967 varie
1335 1902 1453 1989 disper-

127 2014 256 2076 gemus,
280 1992 444 2058 commode
467 1992 634 2059 luminibus
656 1994 808 2059 distinctis
831 1993 1053 2059 illustrabimns
1076 1998 1262 2063 orationem.

210 2094 263 2153 33.
310 2087 467 2152 Subiectio
505 2097 568 2161 est,
604 2111 674 2154 cum
704 2090 934 2172 interrogamus
961 2090 1157 2155 adversarios
1190 2102 1243 2156 aut
1273 2092 1452 2177 quaerimus

126 2182 199 2268 ipsi,
226 2181 301 2268 quid
324 2182 363 2247 ab
385 2184 446 2248 illis
468 2194 521 2247 aut
543 2184 616 2269 quid
640 2193 748 2249 contra
771 2206 828 2249 nos
851 2184 910 2248 dici
933 2185 1047 2268 possit,
1071 2184 1183 2251 deinde
1206 2184 1388 2263 subiicimus
1410 2189 1490 2263 ium

126 2281 209 2363 quod
233 2287 358 2362 oportet
381 2279 443 2343 dici
464 2288 516 2343 aut
538 2300 601 2344 uon
623 2287 748 2365 oportet
775 2289 828 2343 aut
855 2277 946 2343 nobis
975 2277 1153 2345 adiumento
1176 2279 1317 2347 futurum
1339 2284 1378 2347 sit
1399 2296 1454 2348 aut

127 2371 309 2437 obfuturum
332 2372 392 2436 illis
415 2394 432 2437 e
455 2373 630 2448 contrario,
666 2377 726 2437 hoc
747 2372 859 2438 modo:
895 2376 1022 2449 Quaero
1052 2374 1164 2458 igitur,
1199 2375 1282 2441 unde
1310 2377 1367 2441 isle
1390 2387 1451 2442 lam

126 2466 314 2575 pecuniosus
337 2467 375 2532 sit
397 2466 505 2532 lactus.
549 2467 691 2552 Amplum
715 2467 935 2574 patrimonium
958 2468 1100 2533 relictum
1116 2476 1183 2535 cst?
1206 2477 1244 2535 nt
1261 2470 1356 2555 patris
1372 2470 1452 2536 bona

126 2561 304 2627 venierunt
349 2563 515 2627 Hereditas
537 2563 640 2647 aliqua
663 2561 768 2625 veniet
754 2565 867 2625 lNon
890 2571 991 2646 potest
1013 2561 1088 2637 dici,
1112 2565 1167 2629 scd
1190 2566 1282 2628 etiam
1305 2586 1322 2628 a
1345 2587 1453 2631 neces·

126 2658 215 2720 sariis
245 2655 390 2721 omnibus
422 2661 630 2722 exheredatus
659 2666 714 2720 est.
758 2656 936 2720 Praemium
966 2655 1092 2742 aliquod
1120 2678 1160 2723 cx
1187 2658 1240 2723 lite
1263 2670 1314 2724 aul
1335 2659 1489 2725 iudiciors

126 2753 229 2837 cepitl
259 2754 328 2815 Non
351 2734 446 2816 modo
469 2751 500 2816 id
523 2774 584 2817 nou
606 2751 695 2821 lecit,
718 2748 771 2814 sed
795 2751 887 2814 etiam
910 2751 1038 2837 iusuper
1060 2753 1126 2838 ipse
1149 2752 1258 2836 mandi
1281 2754 1451 2839 sponsione

125 2845 295 2910 virtusest.
330 2849 433 2954 ‘Ergo
457 2846 482 2910 si
505 2845 552 2910 bis
574 2842 748 2909 rationibus
771 2844 977 2930 locupletatus
1000 2871 1062 2914 non
1085 2859 1149 2924 est,
1172 2850 1251 2915 sicut
1274 2872 1382 2917 omnes
1405 2852 1451 2917 vi·

126 2939 219 3013 dctis,
254 2949 306 3004 aut
328 2939 378 3004 isti
401 2938 486 3004 domi
508 2940 644 3004 nascitur
666 2960 777 3003 aurum
800 2949 872 3015 aut,
897 2945 978 3007 uude
1000 2965 1062 3008 non
1081 2944 1278 3021 estlicitum‚
1302 2947 1452 3033 pecunias

127 3034 217 3118 cepit
263 3037 376 3098 xxtv.
399 3037 492 3099 Item:
528 3038 645 3118 Saepe,
676 3033 808 3107 iudices,
843 3035 980 3101 animum
1003 3030 1124 3103 adverti
1148 3039 1262 3105 multos
1284 3040 1395 3149 aliqua
1410 3061 1451 3105 ex

125 3133 255 3197 honesta
277 3151 329 3202 re,
361 3150 453 3215 quam
476 3150 515 3191 ne
538 3127 652 3192 inimici
675 3126 800 3213 quidem
822 3129 982 3195 criminari
1005 3133 1140 3217 possint,
1177 3132 1236 3198 sibi
1259 3135 1489 3219 praesidiumue

125 3236 248 3310 petere;
283 3243 417 3311 quorum
445 3222 519 3287 nibil
542 3231 646 3307 polest
667 3221 864 3288 adversarius
886 3222 999 3290 lacere.
1043 3230 1120 3291 Nam
1151 3236 1256 3293 ulrum
1285 3227 1323 3292 ad
1355 3228 1451 3314 patris

125 3325 272 3384 virtutem
301 3315 482 3401 confugiet?
520 3322 557 3380 lt
585 3337 656 3381 eum
687 3338 743 3381 vos
770 3315 864 3381 iurati
886 3321 985 3404 capite
1009 3319 1186 3386 damnastis.
1232 3327 1280 3387 Au
1302 3321 1340 3387 ad
1362 3344 1450 3388 suam

125 3425 302 3480 revertetur
323 3412 480 3497 antiquam
503 3410 596 3475 vitam
619 3408 735 3475 alicubi
758 3418 886 3477 noneste
908 3422 1090 3481 tractatam?
1112 3422 1150 3482 llt
1169 3417 1219 3481 bic
1236 3417 1363 3503 quidem
1380 3426 1451 3483 ante

126 3508 234 3573 oculos
261 3516 383 3571 vestros
411 3508 572 3590 quomodo
599 3505 726 3578 vixerit,
761 3505 846 3570 scitis
874 3527 992 3573 omnes.
1036 3515 1081 3575 Au
1104 3520 1254 3594 cognatos
1276 3531 1350 3575 suos
1373 3532 1449 3576 euu-

126 3601 270 3674 merabit,
306 3597 418 3685 quibus
449 3619 505 3664 vos
538 3600 700 3664 conveniat
732 3601 943 3665 commoverit
979 3609 1018 3667 nt
1045 3603 1077 3668 bi
1105 3605 1231 3690 quidem
1260 3604 1336 3669 nulli
1369 3614 1488 3674 suutss

125 3696 250 3763 Amicos
270 3692 431 3780 proteret?
467 3699 511 3757 Αι
533 3715 624 3758 nemo
647 3704 711 3769 est,
743 3694 796 3780 qui
818 3694 877 3759 sibi
899 3718 963 3762 non
986 3707 1076 3782 turpe
1097 3711 1185 3784 putet
1206 3699 1294 3764 istius
1317 3699 1451 3764 amicum

125 3790 292 3857 nominari.
337 3793 430 3854 ltem:
455 3789 574 3862 Credo,
597 3787 771 3864 inimicum,
795 3810 886 3875 quem
906 3802 1068 3856 nocentem
1084 3791 1229 3877 putabas,
1253 3792 1283 3857 in
1300 3792 1450 3858 indicium

126 3883 293 3951 adduxisti.
336 3887 423 3960 Νοιι;
456 3903 526 3947 uam
548 3880 759 3949 indemnatum
781 3885 907 3950 necasti.
950 3889 1070 3976 Leges,
1095 3907 1175 3973 quae
1197 3886 1228 3951 id
1251 3886 1355 3951 lacere
1376 3907 1451 3972 pro·

126 3980 247 4053 bibent,
272 3977 389 4043 veritus
412 3982 465 4041 est
488 3983 526 4041 At
549 3998 588 4041 ne
610 3977 739 4063 scriptas
762 3977 886 4063 quidem
909 3977 1063 4044 iudicasti.
1107 3984 1183 4046 Cum
1207 3982 1273 4066 ipse
1289 3990 1319 4045 te
1336 3979 1449 4045 veteris

127 4074 281 4140 amicitiae
311 4071 610 4148 commonefaceret,
645 4082 819 4155 commotus
841 4077 895 4138 est
930 4078 969 4138 At
995 4073 1092 4138 uibilo
1122 4075 1241 4150 miuus,
1280 4074 1334 4141 sed
1356 4076 1487 4141 etiamn

195 4333 222 4382 1.
240 4331 353 4398 perfidio
369 4344 418 4393 prr
435 4331 517 4380 scetus
536 4330 598 4379 BR:
616 4329 730 4395 perfidio
747 4335 771 4380 at
785 4341 835 4392 par
853 4328 934 4378 reclus
952 4329 992 4387 T,
1015 4330 1126 4394 perfidio
1145 4330 1226 4379 serlus
1244 4329 1304 4387 ΡΑ.
1322 4331 1450 4395 perfidiae

126 4400 208 4454 scelus
221 4404 320 4453 Ttb-
340 4404 366 4452 2.
384 4400 586 4465 pcnetrroud.
607 4405 785 4461 sosptcto-
814 4399 841 4448 Ιι.
859 4399 1098 4465 proximopeneru
1119 4400 1247 4450 rarus:
1268 4413 1366 4463 ponera
1386 4415 1449 4461 pro·

125 4474 312 4525 ermbu-
332 4476 374 4524 ιι.
390 4474 510 4521 oratione
522 4472 631 4521 l'ltl'llT
645 4473 759 4534 alitque
780 4472 901 4520 οιαιιοιιι
913 4471 1022 4519 uudrtor
1033 4470 1134 4520 alt
1151 4472 1190 4520 lt
1207 4478 1285 4533 utque
1297 4469 1447 4522 esum

126 4546 257 4597 eth-
290 4544 334 4592 21.
354 4551 456 4607 oportet
476 4543 528 4591 dict
548 4543 696 4592 laurus.
716 4542 769 4589 dict
788 4542 993 4604 oportetlln-
961 4541 1061 4590 ...24
1082 4541 1281 4591 emersurus
1301 4549 1327 4589 ct
1346 4555 1385 4603 pr.
1409 4545 1447 4592 Α.

127 4616 228 4666 mouit
248 4614 268 4664 E
289 4623 316 4664 et
334 4626 401 4666 corr.
422 4615 455 4662 Α.
477 4639 506 4650 -
526 4614 616 4662 venuit?
644 4614 728 4661 Potest
747 4613 814 4665 dict,
835 4611 913 4661 redo
933 4606 995 4674 (om.
1012 4625 1067 4659 noo
1085 4622 1163 4673 atque
1182 4613 1272 4674 ctiam)
1292 4611 1356 4663 Cod.
1378 4611 1447 4662 Ριιιι.

127 4687 200 4750 prob.
222 4684 344 4737 Graerlo
364 4685 398 4735 Ut
417 4698 478 4742 uos,
498 4687 638 4732 nostrl·
660 4684 703 4732 ⁴27.
723 4682 936 4731 venerosnuur
955 4689 1065 4733 etcorr.
1086 4681 1183 4730 Pl'.—
1204 4681 1246 4730 28.
1264 4696 1318 4731 non
1338 4685 1451 4732 estlici-

129 4766 181 4807 tuar
200 4756 351 4807 laurus:
372 4756 473 4805 tumtum
491 4767 545 4803 non
563 4761 600 4802 ιιι
621 4753 706 4803 E.-
727 4752 769 4800 ιθ.
791 4755 858 4814 cepit
878 4753 900 4801 n
920 4759 946 4802 et
964 4766 1004 4814 pr.
1019 4753 1079 4802 Pu:
1102 4754 1184 4813 coepit
1203 4752 1261 4813 FT,
1286 4753 1448 4815 occepttBll

129 4837 155 4880 et
172 4842 238 4879 corr.
260 4829 312 4878 ΡΑ.
334 4851 364 4863 -
385 4828 503 4875 animum
521 4825 624 4873 adverti
641 4825 675 4874 F:
696 4824 815 4871 animum
831 4824 946 4873 udoertr't
963 4823 998 4881 P,
1019 4824 1200 4872 animaduerti
1217 4823 1255 4884 T,
1274 4825 1451 4877 animadvertl

128 4898 229 4951 auus.
248 4923 280 4934 -
300 4896 344 4949 3³.
364 4895 407 4962 Δι]
426 4911 489 4948 num
507 4895 650 4947 PABFRT.
673 4914 701 4929 ··
722 4893 766 4945 30.
786 4899 861 4957 turpe
877 4898 951 4958 putot
968 4892 1116 4944 reulus:
1133 4899 1210 4958 putot
1228 4902 1307 4960 turpe
1324 4894 1356 4946 ll.

183 4995 323 5046 demut.
1036 4991 1098 5056 ·5
