3232 5392
581 265 657 332 LlB.
681 267 721 333 11.
765 268 800 335 C.
823 267 856 333 8.
880 268 913 333 3.
938 270 988 335 10.
1395 269 1458 334 333

130 431 256 517 potest!
292 424 362 513 quis
391 446 570 493 maerorem
598 425 705 493 lavare
737 426 843 495 mitius
873 427 1087 496 consolando!
1122 429 1175 494 36.
1212 426 1353 496 Historia
1379 452 1458 500 vero

130 525 218 591 testis
238 530 434 607 temporum,
467 521 523 588 lux
545 521 700 599 venulis,
734 523 798 588 vita
818 528 1005 598 memoriae,
1038 525 1188 609 magistra
1217 525 1315 601 vitae,
1349 526 1455 593 nuntia

130 618 306 692 vetustatis,
330 638 393 703 qua
415 634 492 682 voco
513 615 572 682 alia
593 619 653 682 nisi
675 616 810 684 oratoris
831 619 1054 684 immortalitati
1077 621 1336 705 commendaturi
1376 626 1456 688 Nam

130 715 242 800 siqua
263 720 310 777 est
330 730 381 776 ars
402 711 481 787 alia,
519 731 601 795 qnae
628 710 799 778 verborum
826 722 881 778 aut
901 711 1116 779 faciendorum
1138 722 1191 779 aut
1213 712 1454 800 deligendorum

131 806 293 875 scientiam
319 805 523 894 proliteatur3
560 815 614 872 aut
639 807 667 872 si
688 806 854 894 quisquam
877 807 993 874 dicitnr
1013 809 1074 873 nisi
1095 816 1203 875 orator
1223 808 1363 877 formare
1384 831 1479 877 ora-s

130 901 249 968 tionem
270 921 402 988 eamque
424 901 547 965 variare
569 909 600 966 et
621 899 814 986 distinguere
836 904 924 988 qnasi
945 902 1131 986 quibusdam
1145 900 1317 970 verborum
1331 912 1457 971 senten·

130 996 306 1083 tiarumqno
335 994 525 1081 insignibus3
562 1003 616 1062 aut
643 996 671 1062 si
692 995 743 1062 via
764 999 829 1063 ulla
851 996 911 1062 nisi
933 995 972 1061 ab
994 999 1051 1060 hac
1072 1017 1136 1061 una
1157 1006 1225 1063 arte
1246 1000 1381 1065 traditur
1402 1006 1456 1065 aut

131 1098 386 1176 argumentorum
408 1098 462 1155 aut
483 1089 706 1156 sententiarum
729 1098 783 1158 aut
804 1091 940 1175 denique
962 1088 1181 1176 descriptionis
1203 1098 1296 1177 atque
1318 1093 1455 1160 ordinis:

129 1185 288 1254 fateamur
307 1194 361 1252 aut
378 1186 458 1270 ‚hoa,
480 1183 567 1272 quod
587 1187 666 1251 haec
687 1205 738 1250 ars
760 1185 962 1269 profiteatur,
986 1183 1123 1251 alienum
1145 1205 1214 1250 essa
1236 1195 1289 1253 aut
1310 1188 1454 1254 cumalia

129 1280 234 1368 aliqua
262 1288 330 1345 arto
360 1298 429 1344 esse
459 1300 637 1350 commune.
682 1281 735 1343 37.
769 1281 810 1343 Et
837 1278 864 1343 si
893 1277 926 1343 in
952 1280 1013 1344 hac
1039 1300 1100 1343 una
1128 1286 1176 1344 est
1200 1301 1238 1345 ea
1258 1284 1340 1347 ratio
1362 1290 1493 1368 atquem

129 1373 293 1450 doctrina,
316 1392 399 1448 non,
424 1372 451 1438 si
472 1372 527 1457 qui
548 1373 680 1438 aliarum
703 1374 817 1439 artium
839 1371 921 1438 bene
941 1372 1038 1438 locuti
1060 1384 1148 1450 sunt,
1171 1394 1211 1440 eo
1227 1376 1331 1442 minus
1353 1377 1457 1443 idest

128 1472 222 1535 Anius
243 1468 336 1532 unius
356 1467 535 1553 proprium;
556 1466 611 1532 aad
633 1476 669 1532 ut
689 1478 798 1534 orator
818 1466 858 1533 do
871 1467 910 1532 iis
924 1465 1033 1541 rebus,
1056 1489 1137 1555 quae
1152 1478 1325 1536 ceterarum
1340 1474 1455 1537 artium

128 1573 219 1639 aunt,
252 1562 280 1628 si
308 1562 404 1627 modo
437 1581 490 1626 eas
520 1566 688 1645 cognovit,
726 1572 760 1628 ιιι
786 1564 854 1627 heri
877 1562 1007 1628 Crassus
1029 1561 1172 1639 dicebat,
1209 1565 1329 1649 optime
1351 1574 1456 1649 potest

128 1658 255 1735 dicere3
292 1658 338 1720 sia
359 1665 536 1746 ceterarum
558 1657 672 1722 artium
693 1657 837 1723 homiues
859 1659 999 1721 ornatius
1020 1655 1073 1722 illa
1094 1679 1153 1723 sua
1175 1656 1295 1734 dieunt,
1330 1659 1357 1724 ai
1379 1662 1454 1745 qnid

129 1751 169 1820 ab
191 1757 250 1820 hac
271 1760 338 1817 arte
360 1751 549 1818 didicerunt.
593 1755 644 1818 33.
677 1756 787 1838 Neque
818 1750 900 1817 enim
923 1753 949 1816 si
971 1750 1011 1816 de
1038 1752 1164 1817 rusticis
1192 1750 1288 1818 rebus
1318 1753 1455 1838 agricola
1465 1781 1492 1823 rs

128 1847 284 1937 quispiam
306 1855 360 1911 aut
380 1846 491 1921 edam,
512 1846 546 1913 id
567 1846 653 1931 quod
675 1845 779 1921 multi,
801 1845 941 1911 medicus
956 1848 996 1911 de
1018 1847 1138 1911 morbis
1159 1855 1212 1913 aut
1227 1845 1273 1911 de
1294 1847 1454 1933 pingendo

127 1942 231 2032 pictor
251 1940 362 2025 aliquis
384 1940 499 2007 diserte
521 1941 638 2007 dixerit
662 1949 716 2006 aut
741 1940 918 2025 scripserit,
953 1939 1072 2005 idcirco
1100 1940 1184 2006 illius
1211 1941 1287 2006 artis
1316 1946 1453 2028 putanda

128 2045 178 2104 est
204 2035 400 2120 eloquentia;
435 2034 469 2100 iu
500 2055 561 2122 qua
592 2034 665 2120 quia
696 2033 746 2101 vis
773 2056 887 2118 magna
915 2043 963 2099 est
992 2033 1024 2099 in
1046 2033 1209 2100 hominum
1231 2035 1380 2119 ingeniis,
1414 2056 1454 2102 eo

127 2131 217 2198 multi
239 2131 333 2196 etiam
354 2127 422 2193 sine
444 2129 585 2194 doctrina
608 2128 726 2215 aliquid
748 2129 887 2195 omnium
910 2148 1061 2213 generum
1084 2137 1178 2217 atqua
1206 2129 1319 2195 artium
1343 2151 1453 2195 conse·

128 2234 281 2312 quantum
318 2224 392 2296 sed,
424 2221 500 2308 quid
526 2222 677 2308 cuiusque
697 2223 738 2288 sit
758 2225 937 2309 proprium,
970 2222 1029 2288 etsi
1052 2244 1093 2288 er
1116 2243 1155 2290 eo
1177 2222 1309 2289 iudicari
1331 2233 1492 2308 potest,aa

127 2339 200 2386 cum
220 2317 355 2393 rideris,
377 2316 453 2403 quid
475 2336 617 2404 quaeque
638 2316 787 2395 doceant,
812 2326 915 2383 tamen
936 2316 997 2383 hoa
1019 2320 1135 2384 certius
1157 2319 1235 2384 nihil
1251 2339 1321 2385 esse
1335 2327 1451 2404 potest,

127 2432 223 2500 φιιιιι
255 2412 340 2498 quod
373 2430 481 2476 omnes
512 2418 595 2475 artes
621 2409 702 2476 aliae
727 2414 795 2476 sina
822 2411 1001 2497 eloquentia
1029 2432 1121 2477 snum
1148 2432 1261 2478 munus
1291 2421 1453 2494 praestare

126 2515 275 2593 possunt,
297 2513 405 2572 orator
426 2504 493 2570 aine
516 2525 553 2570 ea
573 2524 688 2571 nomen
710 2528 802 2572 suum
824 2505 968 2572 obtinere
990 2525 1053 2570 non
1075 2513 1193 2590 potest3
1227 2513 1262 2570 nt
1284 2505 1399 2582 ceteri,
1424 2507 1451 2573 si

127 2601 239 2667 diserti
259 2600 336 2677 sint,
366 2599 483 2687 aliquid
506 2602 546 2664 ab
567 2602 628 2666 laos
650 2602 802 2676 habeant,
831 2599 898 2672 hic,
930 2601 991 2664 nisi
1013 2597 1193 2664 domesticis
1214 2617 1248 2662 se
1269 2598 1452 2667 insinuerit

126 2696 244 2783 copiis,
267 2693 392 2762 aliunde
414 2693 538 2759 dicendi
559 2693 682 2778 copiam
703 2702 811 2781 petere
832 2715 895 2759 non
916 2695 1026 2779 possit.
1460 2728 1489 2771 ,ς

188 2792 256 2855 ·Χ.
280 2792 335 2856 33.
368 2793 448 2855 Tum
470 2791 613 2864 Catulus,
652 2788 736 2865 Etsi,
770 2788 887 2875 inquit,
920 2785 1048 2862 Antoni,
1081 2787 1210 2853 minimo
1232 2791 1452 2878 impediendus

127 2891 176 2949 ost
206 2881 457 2970 interpellatione
490 2880 550 2948 ista
583 2901 693 2947 cursus
723 2882 878 2948 orationis
902 2889 991 2956 tuae,
1027 2880 1147 2966 patiare
1174 2890 1279 2949 tamen
1309 2883 1450 2971 mihique

126 2977 283 3062 ignosces.
327 2979 410 3042 Non
432 2974 531 3041 enim
552 2995 735 3061 possum,
765 2975 859 3061 quin
881 2973 1111 3051 exclamem,
1132 2984 1168 3041 ut
1190 2979 1233 3043 ait
1252 2977 1307 3043 illo
1326 2978 1361 3043 in
1383 2977 1453 3043 Tri-

126 3091 274 3137 nummo:
311 3069 353 3136 ita
375 3068 511 3136 oratoris
531 3070 609 3135 mihi
630 3073 694 3136 dm
723 3090 795 3135 curn
824 3072 1004 3156 exprimere
1025 3068 1181 3138 subtiliter
1201 3072 1287 3138 visus
1309 3093 1361 3148 es,
1384 3081 1451 3137 tum

127 3164 257 3231 laudare
278 3163 510 3249 copiosissimo;
541 3163 626 3249 quod
647 3162 774 3249 quidem
796 3166 995 3250 eloquentem
1017 3167 1067 3229 vel
1089 3165 1209 3251 optime
1230 3164 1334 3232 lacere
1356 3187 1489 3254 opor-³0

126 3267 189 3337 tet,
218 3267 253 3324 ut
273 3258 481 3344 eloquentiam
504 3257 624 3337 laudot;
658 3256 754 3323 debet
773 3260 858 3324 onim
881 3260 920 3323 ad
942 3277 1012 3323 eam
1033 3257 1221 3325 laudandam
1243 3260 1344 3346 ipsam
1365 3260 1452 3326 illam

126 3351 296 3431 adhibere,
326 3372 420 3439 quam
442 3350 557 3417 laudat.
601 3353 664 3417 Sed
684 3371 783 3437 perge
803 3371 917 3439 porr03
952 3351 1009 3416 tibi
1031 3351 1116 3417 enim
1137 3356 1293 3419 assentior
1313 3362 1451 3420 vestrum

127 3469 197 3515 essa
224 3450 287 3514 hoc
314 3452 415 3512 totum
443 3445 559 3513 disemo
588 3443 710 3520 dicere,
747 3444 842 3531 idque
867 3445 895 3512 ai
915 3449 985 3532 quis
1007 3445 1040 3511 in
1061 3446 1121 3512 alia
1142 3456 1210 3513 arta
1230 3449 1340 3524 faciat,
1377 3470 1450 3515 eum

127 3552 287 3630 assumpto
307 3543 434 3607 aliunde
454 3540 501 3606 nti
523 3545 623 3615 bono,
648 3560 713 3606 nou
733 3539 865 3626 proprio
886 3560 945 3606 neo
966 3561 1036 3607 auo.
1080 3545 1133 3608 to.
1155 3546 1194 3608 Et
1208 3546 1357 3621 Crassus,
1380 3548 1451 3611 Nox

92 3630 95 3637 ’
126 3649 175 3714 ta,
198 3635 317 3725 iuquit,
340 3634 452 3712 nobis,
469 3636 600 3710 Antoni,
617 3633 769 3722 expolivit
780 3637 1003 3720 hominemque
1014 3635 1164 3702 reddidit.
1209 3641 1286 3704 Nam
1298 3641 1487 3713 1ιοιιοιιιοιι

126 3750 273 3796 sermone
298 3729 391 3796 unius
417 3733 578 3797 cniusdam
599 3729 723 3814 operis,
756 3737 791 3795 ut
817 3733 861 3794 ait
887 3728 1056 3807 Caecilius,
1094 3733 1280 3818 remigem
1312 3733 1450 3820 aliquem

126 3832 194 3890 aut
221 3822 399 3890 baiulum
427 3826 519 3890 nobis
541 3832 699 3889 oratorem
721 3821 946 3909 descripseras,
979 3822 1105 3910 inopem
1128 3830 1284 3910 quendam
1306 3826 1451 3895 leumani-

126 3921 197 3985 tatis
219 3926 313 4005 atquo
333 3914 534 3984 inurbanum.
579 3921 658 3983 Tum
682 3918 854 3992 Antonius,
888 3918 964 3982 Heri
991 3917 1093 3995 enim,
1131 3921 1248 4007 inquit,
1282 3921 1344 3988 hoc
1372 3922 1449 3989 mihi

127 4031 374 4100 proposueram,
408 4021 461 4088 nt,
497 4011 523 4078 si
545 4019 576 4077 te
596 4011 802 4088 refellissem,
836 4014 895 4076 hos
916 4015 971 4076 abs
992 4020 1023 4077 te
1046 4010 1219 4101 discipulos
1240 4014 1448 4093 abducerem

198 4175 223 4225 1.
246 4172 357 4225 mondo
372 4173 403 4224 B.
425 4197 456 4209 -
476 4174 502 4224 3.
522 4174 567 4224 cio
584 4176 727 4226 mamonae
745 4173 903 4233 Schdtzlua,
930 4176 1001 4226 ottus
1017 4178 1146 4226 memorio
1164 4177 1274 4233 Hauon.
1295 4203 1326 4215 -
1357 4179 1382 4231 3.
1402 4180 1452 4227 im·

127 4244 362 4298 mortimenti.
385 4269 414 4281 -
432 4243 462 4294 t.
480 4249 529 4295 aot
545 4246 726 4310 [armonem
744 4259 797 4296 om.
816 4244 871 4296 AB.
895 4267 922 4280 -
941 4244 1112 4309 lepmdorum
1130 4247 1186 4297 ΑΒ.
1207 4275 1234 4287 -
1267 4250 1294 4302 5.
1312 4250 1375 4300 dicit
1392 4248 1449 4300 AB.

129 4341 158 4353 -
177 4316 206 4368 ¹1.
224 4329 280 4377 usto
299 4328 352 4366 om.
372 4313 427 4364 AB.
449 4339 478 4352 -
509 4315 537 4364 3.
558 4320 605 4364 out
622 4317 726 4367 ordinis
743 4317 776 4368 11.
804 4340 839 4351 -
868 4315 895 4365 3.
915 4316 971 4367 ulto
988 4317 1081 4382 aliquo
1099 4318 1120 4368 3
1139 4319 1257 4381 allique:
1285 4320 1376 4385 aliquo
1394 4319 1452 4370 olio

128 4387 184 4439 33.
206 4413 235 4425 -
256 4387 300 4438 10.
319 4398 466 4437 commones
483 4385 538 4435 AB.
559 4408 591 4421 -·
610 4387 645 4437 Bt
661 4386 726 4437 AB:
746 4385 796 4439 sed
814 4385 870 4438 llll.
890 4411 922 4425 -
950 4400 981 4438 eu
999 4401 1052 4439 orn.
1073 4388 1104 4439 3.
1125 4414 1156 4426 -
1185 4388 1229 4439 13.
1249 4391 1369 4455 eopnoott
1386 4389 1449 4441 Alit

127 4459 278 4524 copuoaartt
296 4456 338 4516 ll,
358 4457 478 4523 coqnortt
498 4457 528 4505 11.
551 4479 581 4492 -
603 4457 647 4509 15.
668 4457 746 4508 rodus
762 4459 870 4508 curticle
888 4457 920 4508 u.
941 4479 971 4495 -
991 4457 1035 4508 13.
1054 4460 1148 4511 medio
1165 4459 1244 4510 ABR.
1264 4483 1295 4497 -
1314 4464 1362 4510 not
1379 4463 1403 4510 ai
1419 4461 1452 4510 da

126 4528 207 4580 aau.
228 4553 257 4565 -
288 4526 332 4578 13.
352 4530 389 4578 art
408 4526 556 4589 eloquente
573 4524 635 4577 llll:
663 4527 861 4594 coaequentur
880 4528 911 4580 3.
940 4552 971 4565 -
1002 4541 1031 4578 ao
1050 4526 1137 4592 motti]
1156 4530 1321 4580 emolumenti
1341 4530 1397 4580 AB.
1419 4555 1449 4568 -

127 4599 172 4651 13.
190 4605 239 4651 aut
256 4599 356 4649 ortium
373 4597 406 4648 a.
428 4622 457 4634 -
490 4597 532 4646 33.
553 4597 748 4661 1303111-
776 4598 820 4649 31.
839 4599 903 4664 quid
919 4597 1047 4663 piaeque]
1066 4601 1179 4665 quidque
1195 4600 1251 4653 AB.
1278 4626 1306 4637 -
1339 4602 1451 4654 doceant

128 4684 181 4723 om.
203 4670 233 4720 B.
253 4693 288 4704 -
306 4667 442 4718 casanilli
461 4667 545 4718 Codd.
565 4667 619 4727 al..
638 4667 694 4718 ΒΤ.
715 4668 759 4730 (Ut
778 4680 841 4726 noa,
860 4668 929 4725 AB.)
949 4693 980 4706 ·-
1010 4668 1054 4719 33.
1074 4671 1188 4722 obticere
1206 4683 1282 4721 auum
1299 4671 1331 4722 B.
1350 4694 1386 4709 -
1403 4671 1448 4722 37.

126 4737 250 4804 mitique]
273 4738 340 4789 uidit
357 4740 402 4804 qut
419 4736 451 4786 A.
473 4763 502 4776 -
523 4735 567 4787 33.
587 4739 628 4787 itu
647 4740 762 4789 oratoria
779 4739 843 4788 mili
859 4739 913 4789 clm
931 4739 1016 4790 Codd.
1036 4740 1091 4791 al:
1111 4743 1151 4792 itu
1168 4741 1233 4791 midi
1252 4744 1367 4795 oratoria
1386 4739 1449 4806 (orn.

126 4810 191 4875 eim)
209 4810 250 4871 A,
267 4810 309 4859 tto
325 4810 379 4858 cim
397 4809 513 4858 oratoris
530 4804 593 4873 (om.
613 4805 688 4874 miti)
706 4809 743 4870 3,
762 4809 802 4858 ito
819 4810 863 4859 ius
880 4811 996 4861 oratoria
1012 4811 1077 4861 mitt
1094 4811 1135 4871 ll,
1152 4813 1194 4862 ito
1209 4814 1264 4862 cim
1279 4813 1344 4863 ιιιιιιι
1360 4818 1451 4864 orato·

128 4883 166 4932 ria
183 4882 215 4931 u.
237 4905 265 4918 -
287 4893 345 4929 com
363 4878 384 4928 B
402 4876 520 4944 alliquet
539 4883 595 4928 tuot
613 4880 670 4931 lili.
691 4903 722 4916 ·-
753 4879 797 4931 33.
816 4875 886 4944 orte]
905 4893 935 4931 ra
952 4879 987 4931 R.
1009 4904 1039 4917 -
1070 4882 1114 4934 33.
1134 4889 1190 4933 tum
1206 4881 1247 4936 11.
1263 4883 1397 4937 Antonios
1414 4885 1448 4936 A.

127 4975 160 4990 -
178 4951 223 5006 33.
242 4949 396 5004 rotumam
413 4949 446 5001 11.
466 4974 498 4987 -
516 4949 564 5004 eda
581 4954 606 5003 ta
624 4950 709 5004 codd.
728 4951 782 5015 at,
799 4950 839 5002 lis
859 4962 878 5001 o
894 4955 921 5002 ta
939 4950 1002 5014 33,
1020 4958 1084 5004 uota
1099 4951 1133 5005 A.
