3232 5392
177 213 240 280 tto
758 216 921 282 ORATOR

174 381 210 441 ut
238 376 278 440 de
305 374 426 442 Pericle
456 376 519 442 dixi
550 394 665 458 supra,
694 390 739 440 'ue
767 377 969 465 physicorum
999 377 1126 461 quidem
1154 394 1224 440 esse
1249 373 1393 460 ignarum
1416 374 1506 441 rolo.

176 470 289 536 Omnia
310 469 473 554 prolecto,
497 490 566 534 cum
589 491 623 534 sc
646 490 663 534 a
686 468 871 535 caelestibus
893 469 989 536 rebus
1010 469 1127 535 reseret
1148 469 1372 548 adhumanas,
1399 469 1507 536 excel·

174 565 239 631 sins
269 565 582 651 magnificentiusque
610 571 642 628 et
668 565 752 629 dicet
779 572 811 629 et
839 564 962 629 sentiet.
1029 568 1099 632 120.
1131 568 1272 651 Cumque
1311 566 1364 631 illa
1396 566 1506 630 diviua

174 662 373 746 cognoverit,
407 660 482 726 uolo
511 659 637 743 ignoret
661 680 702 724 ne
731 661 808 723 baec
837 661 965 744 quidem
994 661 1141 724 humana.
1186 662 1239 725 lus
1260 660 1352 726 civile
1374 666 1503 736 teneat,

152 772 238 842 rqun
260 763 353 838 egent
374 775 484 821 causac
505 753 647 820 forenses
668 754 820 842 quotidie.
864 755 948 832 Quid
975 762 1023 820 est
1050 755 1133 818 enim
1156 753 1282 842 turpius
1306 776 1402 841 quam
1424 754 1506 840 legi·

174 848 322 915 limarum
344 859 376 914 et
397 849 536 916 civilium
558 851 845 916 controversiarum
860 848 1036 934 patrocinia
1050 848 1228 933 suscipere,
1252 870 1324 916 cum
1338 853 1382 915 sis
1397 849 1505 935 legum

174 949 207 1010 et
228 943 328 1009 civilis
349 946 427 1012 iuris
448 948 593 1033 ignarus?
631 947 807 1031 Cognoscat
835 946 929 1009 ctiam
955 964 1063 1009 rerum
1093 951 1252 1028 gestarum
1274 952 1307 1010 et
1328 945 1504 1010 memoriae

96 1042 100 1053 “
174 1039 290 1105 veteris
312 1039 475 1117 ordinem,
497 1040 633 1105 maxime
655 1042 775 1105 scilicet
796 1046 923 1105 nostrae
945 1037 1098 1115 civitatis,
1121 1041 1177 1104 sed
1199 1040 1294 1105 etiam
1315 1038 1506 1127 imperiose-

175 1154 245 1199 rum
265 1136 455 1224 populorum
478 1143 510 1199 ct
530 1155 641 1220 regum
663 1133 849 1212 illustrium3
883 1154 978 1220 quem
1008 1132 1149 1199 laborem
1170 1133 1264 1199 uobis
1285 1132 1380 1200 Attici
1400 1132 1505 1198 nostri

137 1227 288 1294 tolerarit
309 1231 419 1305 labor,
451 1228 504 1316 qui
526 1229 719 1295 conservatis
742 1228 919 1314 acutisque
941 1227 1155 1314 temporibus,
1186 1229 1262 1294 nibil
1285 1248 1355 1293 cum
1377 1227 1504 1294 illustre

174 1326 459 1408 praetermitteret,
483 1344 637 1389 annorum
658 1326 925 1409 septingentorum
948 1325 1133 1388 memoriam
1148 1343 1213 1389 uno
1228 1326 1312 1389 libro
1328 1322 1502 1408 colligarit.

173 1417 301 1483 Nescire
323 1428 445 1494 autem,
480 1420 556 1504 quid
578 1425 650 1483 ante
673 1438 766 1502 quam
791 1426 880 1482 natus
901 1417 943 1483 sis
965 1417 1130 1494 acciderit,
1162 1419 1196 1484 id
1217 1426 1265 1483 est
1286 1437 1412 1502 semper
1432 1437 1505 1482 esse

173 1531 318 1600 puerum.
361 1513 446 1592 Quid
472 1512 557 1578 enim
587 1521 635 1578 est
661 1522 746 1577 aetas
774 1514 929 1588 bominis,
965 1512 1026 1577 nisi
1054 1513 1207 1578 memoria
1228 1531 1334 1578 rerum
1357 1519 1505 1576 veterum

174 1625 245 1670 cum
275 1607 475 1691 superiorum
506 1614 607 1671 aetate
635 1602 834 1672 conteritur?
870 1609 1135 1674 commemoratio
1168 1614 1275 1671 autem
1309 1607 1505 1691 antiquitatis

131 1715 164 1779 ,υ
174 1703 455 1787 exemplorumque
484 1699 620 1787 prolatio
648 1721 771 1767 summa
798 1720 870 1767 cum
902 1699 1114 1768 delectatione
1136 1700 1410 1767 etauctoritatem
1432 1719 1506 1764 ora-

173 1792 252 1860 tioni
274 1793 366 1861 affert
387 1804 417 1862 et
439 1793 544 1861 fidem.

260 1893 332 1956 til.
357 1891 408 1955 Sic
429 1891 524 1975 igitur
545 1892 714 1956 instructus
735 1892 841 1956 veniet
861 1892 901 1955 ad
924 1910 1051 1969 causas;
1075 1910 1208 1975 quarum
1230 1887 1360 1955 babebit
1383 1908 1503 1973 genera

173 1984 310 2072 primum
332 1987 400 2072 ipsa
422 1986 556 2069 cognita.
598 1986 665 2050 Erit
694 1987 778 2051 euim
809 1987 839 2050 ei
860 1993 1061 2071 perspectum
1084 1984 1161 2050 nibil
1182 1982 1300 2071 ambigi
1321 2004 1437 2070 posse,
1469 1983 1506 2046 iu

174 2098 238 2167 quo
259 2099 324 2145 uon
346 2087 471 2145 autres
493 2079 739 2146 controversiam
761 2078 856 2145 faciat
884 2088 938 2144 aut
964 2077 1071 2149 rerba.
1114 2081 1176 2144 Res
1203 2087 1258 2144 ant
1285 2079 1325 2143 de
1347 2098 1425 2144 vern
1447 2085 1507 2142 aut

136 2176 215 2242 ”dc
237 2183 323 2239 recto
346 2182 401 2239 aut
422 2176 461 2240 de
484 2174 634 2253 unmiue;
658 2173 755 2240 rerba
777 2182 831 2239 ant
852 2170 891 2239 de
914 2175 1063 2259 ambiguo
1078 2182 1133 2241 aut
1148 2176 1188 2239 de
1202 2175 1375 2240 contrario.
1420 2179 1506 2242 Nam

174 2270 349 2356 siquando
371 2267 509 2334 aliudiu
533 2271 687 2336 sententia
709 2270 841 2335 ¹videtur
867 2290 955 2342 esse,
985 2268 1070 2335 aliud
1100 2269 1134 2334 in
1161 2271 1288 2346 verbis,
1324 2290 1424 2356 genus
1456 2278 1508 2335 est

175 2363 332 2450 quoddam
354 2365 514 2450 ambigui,
538 2368 623 2451 quod
646 2384 686 2428 ex
707 2365 880 2448 praeterito
901 2361 1000 2428 verbo
1023 2362 1092 2429 fieri
1115 2363 1213 2439 solet,
1244 2364 1276 2428 in
1298 2383 1382 2449 quo,
1416 2367 1506 2450 qund

174 2468 222 2524 est
244 2459 463 2542 ambiguorum
484 2459 665 2546 proprium,
689 2479 739 2524 res
762 2456 838 2523 duas
859 2456 1028 2545 significari
1051 2460 1205 2524 videmus.
1267 2460 1400 2524 XXXV.
1428 2462 1504 2523 122.

175 2555 251 2619 Cum
280 2562 343 2618 tam
369 2573 468 2638 panca
490 2555 553 2618 siut
574 2573 689 2638 genera
711 2573 893 2629 causarum,
924 2553 1018 2618 etiam
1047 2560 1305 2637 argumentorum
1327 2561 1505 2640 praecepta

136 2659 164 2702 2⁵
176 2667 274 2733 pauca
296 2654 378 2712 suut.
425 2650 543 2714 Traditi
565 2656 654 2722 sunt,
687 2668 704 2713 e
727 2649 843 2732 quibus
866 2668 903 2712 ea
925 2650 1097 2722 ducantur,
1127 2646 1268 2730 duplices
1290 2647 1374 2713 loci:
1405 2649 1505 2713 uuie

174 2741 269 2809 rebus
291 2740 389 2825 ipsis,
413 2745 504 2807 alteri
526 2740 689 2828 assumpti.
744 2741 901 2807 Tractatio
922 2745 1019 2828 igitur
1041 2761 1148 2807 rerum
1171 2739 1266 2805 efficit
1287 2740 1505 2808 admirabilio-

174 2856 241 2902 rem
264 2834 457 2915 0rationem;
480 2859 552 2902 uam
574 2839 661 2923 ipsae
683 2838 809 2922 quidem
832 2857 885 2902 res
907 2838 939 2900 iu
961 2835 1103 2921 perfacili
1127 2836 1306 2920 cognitione
1321 2846 1502 2902 versantur.

142 3007 146 3014 Ι
174 2932 258 3010 Quid
280 2931 362 2998 enim
386 2935 448 2997 iam
471 2933 629 3018 sequitur,
660 2934 745 3017 quod
768 2931 894 3015 quidem
917 2933 993 2995 artis
1016 2933 1073 3004 sit,
1104 2930 1165 2995 nisi
1187 2931 1286 2996 ordiri
1309 2934 1500 3008 orationem,

155 3027 207 3114 ¹iu
230 3047 293 3111 qun
316 3036 371 3092 aut
391 3025 576 3091 concilietur
604 3023 731 3090 auditor
753 3034 807 3090 aut
828 3028 966 3110 erigatur
988 3033 1042 3089 aut
1062 3033 1152 3109 paret
1174 3045 1208 3089 se
1231 3028 1270 3089 ad
1294 3025 1501 3104 discendum

138 3138 243 3186 sorem
265 3124 404 3187 breviter
426 3140 585 3206 exponere
608 3126 639 3184 et
659 3119 869 3207 probabiliter
891 3128 923 3184 et
945 3128 1073 3203 aperte,
1110 3129 1164 3195 ut,
1200 3121 1277 3204 quid
1299 3128 1429 3202 agatur,
1455 3122 1505 3184 in-

176 3214 274 3300 telligi
296 3218 408 3299 possit3
439 3237 495 3281 sua
516 3216 724 3290 confirmare,
756 3213 936 3279 adversaria
970 3221 1135 3291 evertere;
1164 3233 1265 3299 eaque
1287 3211 1415 3278 efficere
1438 3234 1504 3280 uon

176 3314 380 3392 perturbate,
416 3314 472 3375 sed
494 3310 624 3395 singulis
646 3306 971 3393 argumentationibus
992 3308 1036 3372 ita
1059 3307 1295 3383 concludendis,
1328 3315 1364 3372 ut
1386 3307 1505 3374 efficia-

176 3412 228 3469 tur
248 3403 334 3490 quod
354 3407 395 3469 sit
415 3425 611 3491 consequens
633 3407 687 3475 iis,
711 3424 792 3487 quae
815 3411 979 3468 sumentur
1001 3405 1041 3467 ad
1057 3423 1213 3489 quamque
1228 3421 1296 3466 rem
1314 3400 1504 3467 confirman-

176 3495 261 3577 dam3
297 3509 369 3585 post
396 3501 503 3563 omnia
533 3500 765 3585 perorationem
795 3496 1039 3561 inflammantem
1064 3499 1351 3580 restinguentemve
1374 3496 1505 3562 conclu·

139 3594 274 3656 ssderel
296 3595 361 3658 llas
382 3602 488 3678 partes
510 3591 773 3678 quemadmodum
796 3599 907 3656 tractet
928 3590 1085 3677 singulas,
1110 3590 1240 3656 difficile
1262 3588 1347 3655 dictu
1370 3602 1418 3657 est
1440 3598 1502 3658 boc

176 3687 267 3764 loco;
303 3708 362 3751 nec
393 3688 476 3751 enim
508 3707 633 3773 semper
661 3693 831 3750 tractantur
860 3704 924 3749 unc
953 3690 1060 3751 modo.
1108 3689 1179 3750 123.
1212 3685 1371 3763 Quoniam
1395 3695 1502 3751 autem

175 3799 239 3846 nou
262 3799 356 3867 quem
378 3782 508 3845 doceam
531 3801 668 3868 quaero,
702 3782 758 3845 sed
781 3800 876 3866 quem
897 3782 1055 3867 probem,
1087 3778 1231 3867 probabo
1253 3780 1391 3867 primum
1414 3802 1500 3858 eum,

246 4030 272 4080 t.
299 4035 329 4078 at
352 4044 404 4080 nm.
434 4030 505 4080 Etns.
535 4032 580 4080 Dr.
602 4030 653 4080 Gn.
674 4034 699 4081 t.
719 4032 745 4082 2.
776 4057 808 4067 -
839 4032 866 4081 2.
894 4031 975 4095 refert
998 4031 1092 4092 litun,
1119 4029 1228 4092 reterre!
1247 4031 1310 4081 ltrn.
1338 4044 1447 4093 operae·
1470 4057 1502 4068 -

176 4102 202 4152 3.
223 4115 282 4151 eam
300 4101 359 4151 Vct.
379 4102 471 4164 Stepb.
493 4101 544 4152 (iu.
567 4100 592 4149 3.
616 4102 670 4152 lirl.
691 4128 721 4137 -
748 4101 775 4151 t.
794 4102 857 4151 nalo
875 4115 908 4150 ne
925 4103 1029 4164 ignoret
1047 4116 1079 4151 ne
1097 4102 1160 4150 baec
1178 4101 1284 4164 quidem
1303 4103 1356 4152 vu.
1377 4103 1423 4151 Dr.
1448 4102 1500 4152 Gu.

176 4177 202 4223 t.
221 4172 266 4229 3.,
295 4171 355 4220 calo
378 4186 411 4222 ne
435 4174 540 4234 ignoret
566 4173 630 4221 boec
657 4173 760 4235 quidem
788 4174 879 4231 litua,
910 4173 969 4221 cala
993 4186 1026 4221 ne
1050 4174 1154 4237 ignoret
1173 4185 1205 4220 rte
1222 4172 1284 4221 baec
1301 4174 1406 4235 qnidam
1423 4172 1500 4225 Mon.

176 4242 286 4304 uterer.
314 4242 402 4293 Peter.
440 4242 579 4294 Correetus
599 4252 639 4294 cst
657 4257 748 4302 error,
777 4247 851 4293 cutus
871 4244 943 4305 origo
962 4252 1073 4303 apparet
1091 4246 1117 4292 tn
1138 4243 1266 4293 illustedt.
1287 4246 1419 4302 tectione.
1447 4249 1500 4293 tam

176 4317 204 4364 tn
223 4315 360 4370 Romana:
381 4315 502 4364 consulto
521 4318 590 4363 entra
611 4315 703 4365 Cicero
723 4317 831 4364 verterit
849 4315 919 4363 luter
936 4313 997 4361 octo
1015 4321 1042 4363 et
1061 4315 1132 4363 ceta.
1152 4339 1186 4347 -
1204 4313 1230 4363 5.
1248 4314 1405 4375 quotidiana
1423 4315 1500 4364 Mon.

177 4384 240 4444 (aon
258 4399 288 4436 ex
308 4392 370 4434 uota
390 4386 434 4434 tlte
453 4380 622 4454 ἀρχαϊσμῴ,
641 4385 687 4435 aed
707 4400 736 4436 ea
757 4397 827 4434 mera
847 4384 1094 4435 accommodatione
1112 4384 1145 4434 ad
1166 4397 1191 4433 r.
1206 4383 1280 4446 que.)
1299 4408 1330 4421 -
1351 4385 1420 4448 Quid
1433 4388 1503 4433 entur

178 4453 242 4516 (cm.
264 4455 311 4516 ert)
332 4455 377 4503 lir.
399 4454 450 4504 Ga.
470 4459 508 4508 2..
530 4454 601 4516 Quid
618 4462 655 4505 est
674 4453 737 4516 (om.
758 4454 838 4516 enim)
858 4455 929 4502 Eine.
951 4479 985 4488 -
1004 4454 1030 4503 3.
1051 4455 1129 4504 etiam
1150 4453 1221 4503 litns.
1242 4454 1284 4511 Α,
1305 4454 1358 4504 Ga.
1378 4455 1404 4504 a.
1425 4455 1500 4505 Ecba

178 4532 203 4576 st
221 4537 280 4574 cnm
300 4529 394 4576 ceteris
414 4525 466 4575 uu.
497 4551 526 4562 -·
560 4528 602 4575 10.
622 4526 765 4577 observatis
782 4525 919 4575 Matthiae.
954 4524 1006 4574 Sed
1026 4525 1072 4574 etr.
1094 4527 1126 4576 de
1146 4525 1219 4574 Orat.
1240 4524 1271 4584 2,
1298 4525 1349 4585 80,
1378 4525 1447 4576 ³292
1478 4528 1504 4574 rt

179 4595 272 4644 ardiae
290 4604 435 4658 temporam
452 4603 605 4647 concavata
622 4620 633 4630 ·
651 4622 662 4634 -
679 4594 845 4646 narrabitur.
867 4620 899 4631 -
919 4595 961 4645 ¹2.
983 4601 1044 4644 ante
1063 4596 1116 4645 Ἧι.
1137 4595 1210 4645 litus.
1229 4595 1274 4651 Α.
1294 4595 1346 4646 Ga.
1366 4596 1392 4646 1.
1412 4596 1438 4645 3.
1459 4597 1500 4645 n:

178 4670 257 4715 antea
278 4666 309 4716 li.
338 4690 369 4702 -
402 4666 444 4715 13.
464 4669 518 4716 alat
535 4681 566 4717 ea
583 4670 709 4716 memoria
728 4667 768 4724 Α,
799 4665 850 4716 Gn.
870 4664 896 4713 3.
923 4689 957 4700 -
988 4667 1032 4715 17.
1057 4668 1176 4731 primam
1200 4677 1298 4728 genem
1315 4668 1375 4728 ipra
1393 4669 1503 4729 cognita

179 4736 251 4791 Ἧι..
271 4750 366 4798 gatera
383 4739 497 4800 primurn
518 4740 625 4802 cognita
641 4740 702 4801 ipra
720 4738 753 4787 n.
775 4760 804 4773 ·-
836 4735 880 4785 22.
898 4745 1044 4798 praecepta
1060 4751 1147 4800 paura
1165 4735 1269 4785 tradita
1285 4744 1357 4786 rant.
1378 4748 1391 4785 e
1409 4737 1504 4801 quibas

179 4806 345 4855 ducanturA
364 4809 458 4857 caserta
477 4821 536 4859 cum
556 4811 738 4872 interpolatis,
757 4806 787 4858 1..
810 4833 839 4846 -
861 4807 904 4858 26.
923 4807 1108 4858 admirabilem
1121 4807 1173 4858 Ga.
1188 4806 1213 4856 a.
1233 4831 1263 4842 -
1285 4807 1329 4858 2⁹.
1350 4813 1399 4858 act
1409 4806 1501 4873 parat]

178 4884 209 4929 ut
225 4881 302 4944 paret
322 4877 384 4929 ltru.
404 4879 474 4928 conl.
