3216 5400
184 204 245 279 tio
662 213 716 278 DE
737 212 983 279 INVENTIONE

265 369 464 455 assumptiva
494 368 590 454 igitur
618 376 683 436 tum
715 369 846 448 dicitur,
877 393 949 437 cum
975 374 1081 456 ipsum
1107 391 1149 436 ex
1175 391 1210 437 se
1237 373 1355 438 iactum
1378 370 1509 460 probari

180 488 247 535 non
275 474 395 552 potest,
433 465 540 551 aliquo
566 472 672 531 autem
697 464 775 531 soris
804 466 951 533 adiuncto
981 474 1166 552 argumento
1197 465 1386 532 defenditur.
1431 472 1508 533 Eius

179 569 285 649 partes
313 569 384 627 sunt
410 568 576 644 quattuor:
614 560 821 644 comparatio,
858 561 968 627 relatio
997 560 1154 637 criminis,
1190 562 1327 628 remotio
1350 563 1507 636 criminis,

180 657 354 722 concessio.
396 657 447 718 72.
470 653 670 737 Comparatio
695 661 760 728 est,
786 673 857 717 cum
879 653 1009 740 aliquod
1023 654 1159 730 lactum,
1183 656 1268 742 quod
1282 677 1341 742 per
1355 679 1389 721 se
1406 657 1508 743 ipsum

157 769 243 816 snon
264 751 305 814 sit
324 744 541 835 probandum,
572 766 612 810 ex
634 766 692 822 eo,
722 748 811 812 cuius
832 748 865 810 id
888 769 980 814 causa
1000 749 1118 814 laetum
1141 757 1206 825 est,
1231 749 1419 815 defenditur.
1464 754 1508 815 Ea

180 851 228 909 ost
256 842 452 908 huiusmodi:
492 839 626 918 Quidam
656 842 848 926 imperator,
884 862 955 908 cnm
988 840 1027 907 ab
1060 842 1203 907 hostibus
1231 846 1509 910 circumsideretur

178 957 282 1022 nequo
312 934 451 1020 effugere
482 933 549 1000 ullo
579 932 674 999 modo
704 943 825 1018 posset,
861 937 1010 1022 depactus
1039 945 1087 1000 est
1114 936 1273 1013 cumeis,
1311 946 1347 1002 ut
1366 959 1453 1002 arma
1477 946 1509 1000 et

177 1029 401 1117 Mpedimenta
421 1028 636 1117 relinqueret,
660 1028 776 1093 milites
799 1032 962 1110 educeret;
985 1033 1091 1117 itaque
1113 1030 1203 1109 lecit;
1238 1031 1334 1097 armis
1355 1041 1388 1098 et
1409 1035 1509 1119 impe-

178 1124 324 1193 dimentis
345 1124 468 1190 amissis
488 1133 614 1210 praeter
635 1142 723 1208 spem
745 1126 862 1190 milites
880 1128 1091 1192 conservavit.
1138 1130 1310 1192 Accusatur
1324 1126 1506 1191 maiestatis.

140 1243 169 1283 so
178 1220 314 1287 incurrit
332 1221 397 1284 buc
418 1215 569 1283 definitio.
614 1218 678 1281 Sed
700 1238 759 1280 nos
780 1220 866 1283 hunc
887 1217 1008 1298 locum,
1041 1223 1079 1285 de
1102 1241 1166 1307 quo
1188 1224 1329 1306 agimus,
1364 1221 1509 1286 consido-

177 1336 295 1385 remns.
339 1318 392 1381 73.
417 1312 551 1377 Intentio
575 1319 640 1376 est:
665 1313 736 1375 Nou
759 1313 902 1398 oportuit
922 1336 1009 1380 arma
1032 1324 1064 1380 et
1078 1315 1303 1401 impedimenta
1315 1316 1508 1403 relinquere.

176 1410 326 1497 Depulsio
348 1417 410 1474 est:
434 1407 592 1489 Oportnit.
639 1405 787 1482 Quaestio
809 1415 874 1473 est:
898 1410 1148 1495 vOportueritue‘l
1177 1411 1267 1475 Ratio
1290 1418 1355 1474 est:
1389 1409 1503 1475 Milites

177 1506 260 1569 enim
284 1522 394 1569 omnes
415 1499 579 1587 perissent.
622 1498 793 1564 infirmatio
818 1509 941 1567 estant
968 1503 1204 1569 coniecturalis:
1238 1508 1308 1569 Non
1330 1507 1504 1587 perissent;

177 1606 232 1665 ant
252 1600 352 1663 altera
374 1596 611 1660 coniecturalis:
636 1597 706 1659 Non
727 1596 800 1661 ideo
822 1594 935 1661 iecisti.
980 1603 1028 1663 Ex
1049 1597 1166 1685 quibus
1188 1607 1260 1662 sunt
1282 1597 1505 1665 iudicationes:

140 1694 399 1760 esPerissentnet
430 1698 480 1755 et:
513 1691 631 1754 ideone
652 1688 782 1755 lecerit?
812 1698 865 1756 aut
887 1695 966 1757 haec
989 1695 1221 1778 comparativa,
1246 1694 1334 1757 cuius
1357 1714 1440 1759 nuuc
1461 1697 1508 1758 in-

179 1790 339 1872 digemus:
373 1789 414 1851 At
442 1786 526 1849 enim
558 1783 654 1849 satius
682 1783 743 1849 init
770 1790 914 1851 emittere
945 1786 1060 1852 milites
1088 1806 1182 1873 quam
1212 1805 1298 1851 arma
1320 1794 1353 1850 et
1373 1786 1507 1873 impedi-

177 1889 283 1950 menta
314 1881 490 1945 concedere
521 1875 677 1943 hostibus.
729 1880 779 1943 Ex
810 1900 873 1964 qua
910 1878 1059 1948 iudicatio
1091 1882 1248 1945 nascitur:
1287 1880 1365 1945 Cum
1398 1902 1507 1945 omncs

177 1975 309 2063 perituri
330 1974 446 2038 milites
468 1978 588 2048 essent,
622 1972 682 2038 nisi
705 1975 746 2038 ad
766 1975 848 2038 banc
869 1977 1047 2062 pactionem
1071 1974 1249 2050 venissent,
1283 1984 1389 2039 utrum
1410 1975 1508 2040 satius

76 2076 79 2080 ’
177 2068 273 2137 luerit
294 2070 439 2134 amittere
461 2066 593 2143 milites,
617 2088 658 2133 an
679 2070 719 2131 ad
741 2071 822 2133 hanc
844 2069 1059 2135 conditionem
1081 2071 1212 2134 veniret
1234 2071 1286 2139 li.
1309 2070 1379 2134 Hoc
1393 2089 1507 2134 causae

141 2182 278 2251 teganus
310 2184 350 2229 ex
382 2163 447 2228 suis
476 2160 555 2226 locis
581 2163 708 2226 tractari
739 2160 902 2248 oportebit
932 2171 964 2227 et
991 2161 1144 2229 adhibere
1175 2170 1352 2227 ceterarum
1380 2183 1508 2249 quoque

179 2259 437 2343 constitutionum
458 2255 612 2321 rationem
635 2265 728 2341 atque
749 2265 935 2342 praecepta3
961 2278 999 2320 ac
1020 2259 1157 2322 maxime
1179 2259 1369 2322 coniecturis
1391 2258 1510 2321 lacien-

180 2353 229 2418 dis
250 2352 409 2417 infirmare
430 2348 521 2424 illud,
558 2347 738 2434 quodcum
760 2372 818 2427 eo,
841 2354 928 2438 quod
950 2351 1074 2417 crimini
1096 2350 1240 2427 dabitur,
1275 2351 1312 2426 ii,
1341 2353 1396 2437 qrti
1417 2372 1509 2417 accu-

179 2449 349 2520 sabuntur,
387 2444 622 2529 comparabunt.
664 2442 701 2509 ld
731 2442 803 2521 fiet,
840 2448 868 2511 si
900 2454 954 2511 aut
985 2445 1036 2523 id,
1074 2449 1159 2533 quod
1192 2444 1295 2510 dicent
1324 2444 1509 2511 defensores

178 2541 320 2606 futurum
332 2535 448 2614 finisse,
471 2535 710 2602 nisi-idlaetum
732 2547 830 2617 esset,
854 2560 918 2627 qno
940 2539 980 2606 de
1002 2542 1085 2605 lacto
1108 2539 1260 2606 iudicium
1283 2547 1346 2618 est,
1368 2541 1508 2606 futurum

142 2632 278 2701 esiuisse
299 2633 483 2717 negabitur3
518 2637 573 2695 aut
594 2632 621 2694 si
642 2633 704 2697 alia
726 2633 848 2699 ratione
871 2646 904 2699 et
923 2635 1017 2700 aliam
1045 2637 1088 2699 ob
1117 2654 1262 2709 causam,
1297 2654 1334 2697 ac
1363 2632 1446 2699 dicet
1475 2656 1508 2700 se

181 2751 254 2798 reus
275 2727 407 2803 iecisse,
442 2723 710 2790 demonstrabitur
732 2748 801 2793 esse
823 2727 951 2793 factum.
996 2728 1071 2794 Eius
1092 2730 1140 2793 rei
1163 2727 1358 2795 confirmatio
1381 2729 1509 2796 etitem

180 2826 338 2895 contraria
360 2826 399 2888 de
418 2827 507 2906 parte
529 2817 696 2884 infirmatio
719 2843 760 2885 ex
782 2821 986 2888 coniecturali
1008 2825 1232 2888 constitutione
1255 2830 1408 2889 sumetur.
1455 2828 1509 2889 Sin

180 2928 285 2987 autem
308 2925 396 2984 certo
418 2917 546 2980 nomine
568 2913 712 2980 maleficii
734 2917 898 2982 vocabitur
920 2918 953 2980 in
974 2915 1143 2993 iudicium,
1179 2917 1260 2981 sicul
1279 2916 1313 2981 in
1335 2920 1394 2982 hac
1416 2937 1510 2983 causa

181 3013 264 3100 (uam
286 3008 457 3079 maiestatis
478 3007 676 3094 arcessitur),
700 3009 881 3077 delinitione
904 3021 936 3076 et
955 3011 1134 3098 praeceptis
1148 3010 1340 3076 delinitionis
1353 3014 1400 3077 nti
1415 3032 1511 3099 opor-

144 3110 271 3174 ss‘tebit.
315 3105 416 3170 XXV.
450 3105 553 3189 Atque
582 3104 662 3167 baec
692 3105 819 3189 quidem
848 3107 1036 3190 plerumque
1064 3109 1097 3171 in
1119 3109 1181 3171 hoc
1202 3125 1319 3191 genere
1340 3106 1505 3183 accidunt,

180 3211 218 3269 nt
244 3212 277 3270 et
305 3201 486 3268 coniectura
515 3208 547 3264 et
576 3197 756 3266 delinitione
780 3202 931 3265 utendum
953 3203 1002 3268 sit.
1046 3201 1100 3264 Sin
1123 3200 1210 3265 alind
1233 3221 1360 3288 qnoque
1382 3202 1509 3288 aliquod

182 3317 282 3384 genus
303 3299 436 3372 incidet,
461 3297 529 3359 eius
552 3296 676 3378 generis
697 3303 866 3378 praecepta
888 3293 997 3359 licebit
1016 3296 1080 3360 huc
1100 3297 1168 3378 pari
1191 3297 1313 3361 ratione
1328 3299 1509 3362 transferre.

182 3395 261 3458 Nam
283 3388 457 3456 accusatori
479 3387 616 3453 maxime
639 3393 688 3452 est
709 3391 741 3453 in
761 3391 824 3455 hoc
846 3387 1090 3466 elaborandum,
1129 3398 1164 3453 ut
1192 3390 1224 3454 id
1253 3391 1355 3477 ipsum
1376 3389 1508 3466 lactum,

183 3487 421 3571 propterquod
442 3481 502 3548 sibi
525 3502 597 3548 reus
620 3481 750 3549 concedi
770 3492 861 3569 putat
882 3491 1049 3570 oportere,
1084 3503 1178 3570 quam
1206 3483 1351 3570 plurimis
1374 3483 1510 3549 infirmet

146 3581 370 3647 assationibus.
418 3579 510 3654 Quod
537 3575 628 3642 facile
658 3584 722 3653 est,
755 3578 783 3642 si
811 3599 905 3665 mam
935 3579 1078 3665 plurimis
1103 3579 1378 3645 constitutionibus
1400 3600 1511 3664 aggre-

185 3673 289 3740 dietur
310 3675 343 3737 id
364 3674 555 3758 improbare.
598 3675 649 3738 75.
679 3675 750 3759 lpsa
772 3681 877 3737 autem
899 3675 1095 3760 comparatio
1117 3681 1301 3757 separatae
1323 3677 1437 3739 ceteris
1457 3694 1511 3758 ge-

183 3769 314 3836 neribus
342 3768 627 3834 controversiarum
658 3768 702 3831 sic
731 3789 773 3832 ex
800 3788 856 3833 sna
882 3765 914 3832 vi
942 3770 1210 3843 considerabitur,
1246 3767 1273 3833 si
1295 3767 1390 3841 illud,
1425 3769 1509 3854 quod

184 3860 434 3947 comparabitur,
467 3869 521 3925 aut
552 3883 616 3927 non
644 3860 811 3927 honestum
843 3871 897 3927 aut
925 3883 991 3926 non
1018 3861 1094 3928 utile
1122 3870 1177 3927 aut
1204 3883 1269 3929 uon
1298 3864 1510 3928 necessarium

183 3959 282 4024 inisse
304 3965 443 4022 autnon
465 3963 552 4021 tanto
576 3977 671 4039 opere
692 3957 769 4021 utile
791 3963 930 4020 autnon
952 3963 1039 4022 tauto
1061 3976 1159 4040 opere
1180 3962 1348 4023 honestum
1370 3964 1423 4022 aut
1446 3977 1510 4020 non

146 4060 272 4120 somnio
294 4072 390 4138 opere
412 4053 626 4117 necessarium
647 4050 742 4116 luisse
765 4047 1041 4116 demonstrabitur.
1086 4051 1209 4117 Deinde
1237 4059 1364 4138 oportet
1383 4071 1511 4117 aecusa-

255 4303 282 4357 5.
303 4308 380 4354 stoc
398 4301 461 4353 lira.
482 4313 588 4363 operes.
611 4323 640 4336 -
661 4300 703 4351 1³.
722 4302 849 4365 perissent
867 4309 906 4353 ter
924 4301 1012 4352 PAR:
1041 4301 1181 4365 periissent
1199 4300 1231 4351 E.
1254 4322 1282 4335 -
1312 4299 1356 4350 tt.
1374 4304 1437 4349 sant
1457 4310 1508 4349 orn.

184 4375 230 4428 tet
248 4376 358 4437 altique.
377 4374 503 4437 Agnoscit
516 4372 547 4421 V.
561 4393 594 4406 -
613 4371 658 4423 17.
678 4373 814 4423 concedere
830 4372 945 4424 hostibus
963 4371 1048 4423 PAR:
1067 4371 1184 4423 tostius
1202 4371 1341 4423 conoedere
1359 4369 1391 4419 n.
1412 4393 1445 4406 -
1464 4369 1510 4419 2⁰.

184 4448 239 4498 sois
256 4443 389 4497 (irerenb.
410 4444 514 4496 Oronn.
534 4450 605 4494 tres:
624 4444 665 4492 tis
685 4442 786 4492 anna.
808 4466 836 4477 -
859 4444 978 4493 adabert
995 4455 1064 4494 corr.
1084 4441 1114 4496 Ρ.
1134 4466 1169 4478 -
1191 4442 1236 4492 30.
1253 4441 1401 4504 praeceptis
1419 4440 1512 4504 defini·

184 4518 267 4568 tionis
283 4515 372 4566 PAR:
391 4514 550 4580 &panicole
564 4514 713 4576 praeceptis
731 4513 763 4561 E.
790 4538 819 4550 -
851 4511 895 4564 30.
924 4515 986 4565 baec
1002 4538 1014 4548 ·
1032 4541 1042 4552 ·
1060 4514 1186 4564 occidant
1205 4512 1273 4564 PAR
1293 4513 1430 4574 ceterique
1450 4509 1510 4560 ttbrl

184 4587 257 4638 nott:
288 4585 563 4644 toc··eceiditlt,
595 4591 625 4633 ut
644 4589 684 4634 eet
702 4581 756 4634 lere
774 4579 804 4646 0.
824 4583 868 4634 03.
913 4585 966 4636 Sed
994 4584 1021 4635 b.
1047 4583 1064 4635 l.
1092 4584 1199 4646 plurette
1222 4584 1335 4636 retertur
1360 4583 1393 4633 sd
1413 4581 1511 4644 duplex

184 4655 251 4708 illud
270 4662 294 4705 et
310 4657 461 4707 coniectura
475 4658 501 4706 et
517 4654 679 4721 definitione.
700 4653 751 4704 Oa.
772 4679 804 4691 -
834 4656 970 4719 inponere
988 4653 1053 4719 (orn.
1072 4652 1130 4714 boc)
1155 4654 1284 4705 Lembtno
1303 4659 1411 4704 auctore
1431 4651 1510 4703 Grut.

185 4725 221 4780 Ι.
240 4749 272 4763 -
291 4725 335 4774 tt.
353 4731 427 4788 potet
444 4726 499 4777 ΡΑ.
518 4725 595 4776 Leld.
615 4723 652 4774 ll.
673 4749 705 4760 -
724 4724 769 4774 35.
788 4726 954 4790 oppredietur
971 4724 1059 4776 PAR:
1078 4725 1236 4791 oppreditar
1252 4727 1284 4776 E.
1305 4749 1334 4762 —
1367 4723 1411 4774 33.
1430 4725 1511 4788 [aisse

186 4802 277 4855 contra
296 4795 374 4846 ttbroe
394 4800 521 4858 expuunt
544 4797 691 4847 Ernesttus.
720 4821 754 4830 —
782 4795 827 4846 to.
853 4796 1078 4849 demonstrabitur
1103 4810 1156 4849 om.
1176 4796 1200 4846 R
1224 4803 1253 4850 et
1276 4808 1316 4861 pr.
1345 4794 1367 4845 Ρ
1392 4793 1509 4860 ellicum

185 4866 382 4919 mirator
398 4869 431 4919 Α.
451 4866 497 4932 (Ut
514 4880 582 4931 nos,
601 4879 669 4918 corr.
690 4865 735 4925 P.)
