3232 5392
159 198 222 265 344
765 196 916 264 BRUTUS

158 359 214 446 qui
242 358 441 447 eloquentiae
467 377 562 424 verae
590 357 644 423 dat
671 376 820 444 operam,
858 361 911 424 dot
936 358 1140 444 prudentiae,
1174 381 1235 449 que
1263 383 1303 430 ne
1333 361 1482 430 maximis

159 452 286 541 quidem
308 450 454 519 inbellis
476 474 578 540 aequo
601 455 706 518 animo
728 473 838 519 carere
860 454 1025 539 quisquam
1052 462 1167 539 potest.
1212 457 1264 522 Ph.
1295 457 1484 536 Praeclare,

158 546 303 634 inquom,
338 553 449 621 Brute,
484 547 580 624 dicis,
615 568 718 634 eoque
740 547 839 634 magis
861 550 919 614 ista
942 547 1065 615 dicendi
1087 549 1182 615 laude
1204 549 1360 628 delector,
1398 556 1486 639 quod

161 652 280 718 cetera,
316 663 397 728 qnae
424 650 498 708 sunt
526 645 682 730 quondam
710 642 818 707 hahita
844 643 877 708 in
905 643 1031 710 civitate
1051 646 1284 728 pulcherrima,
1320 668 1416 712 nemo
1439 656 1487 714 est

137 745 224 801 sum
245 736 389 813 humilis,
414 741 467 822 qui
489 757 523 801 se
545 759 609 802 non
632 744 687 802 aut
706 755 800 824 posse
822 739 952 821 adipisci
973 747 1028 803 aut
1043 741 1191 826 adeptum
1205 748 1311 826 putet:
1334 741 1487 827 eloquen-

160 836 222 894 tem
244 829 401 895 neminem
423 830 515 897 video
538 829 653 896 iactum
675 851 744 898 esse
765 833 906 896 victorie.
950 835 1012 898 Sed
1033 854 1097 920 quo
1120 832 1241 901 lucilius
1263 856 1369 902 sermo
1386 836 1487 924 expli·

161 932 263 1001 cetur,
287 926 450 1000 sedentes,
475 926 501 988 si
523 923 665 1002 videtur,
690 945 827 1012 agamus.
870 927 946 991 Cum
968 927 1052 1009 idem
1074 927 1243 1017 placuisset
1262 929 1343 1009 illis,
1365 940 1432 997 tum
1452 931 1485 997 iu

160 1018 284 1103 pratulo
306 1026 435 1104 propter
456 1016 592 1084 Platonis
614 1026 747 1084 statuam
770 1019 977 1088 consedimus.

243 1117 295 1179 25.
330 1113 390 1176 llio
418 1130 496 1195 ego:
535 1109 677 1177 Laudare
708 1113 804 1197 igitur
835 1112 1045 1202 eloquentiam
1074 1126 1107 1184 et
1129 1125 1246 1206 quanta
1272 1118 1320 1186 vis
1347 1121 1389 1186 sit
1417 1125 1486 1189 eius

123 1223 153 1267 ao
162 1225 348 1291 expromere
370 1213 580 1292 quantamque
602 1207 665 1281 eis,
695 1208 749 1294 qui
771 1209 832 1274 siut
853 1230 923 1274 eam
945 1215 1121 1288 consecuti,
1151 1213 1332 1297 dignitatem
1353 1214 1484 1294 aderat,

161 1323 263 1387 neque
294 1302 489 1387 propositum
521 1299 614 1365 nobis
642 1308 690 1364 est
716 1302 779 1366 hoc
807 1304 879 1367 loco
908 1325 1010 1391 neque
1039 1308 1263 1373 necessarium.
1308 1311 1377 1374 lloc
1406 1331 1484 1375 vero

161 1399 229 1463 sine
258 1395 322 1461 ulla
349 1393 541 1460 dubitatione
571 1392 838 1472 confirmaverim,
874 1396 941 1463 sive
968 1397 1021 1465 itta
1043 1407 1109 1463 arte
1132 1401 1271 1483 pariatur
1291 1401 1395 1486 aliqua
1417 1404 1485 1468 sivo

162 1492 386 1557 exercitatione
407 1492 541 1576 quadam
563 1493 630 1555 sive
652 1499 777 1566 natura,
798 1511 866 1556 rem
887 1511 982 1556 unam
1004 1512 1074 1558 esse
1095 1495 1235 1562 omnium
1256 1492 1485 1567 difficillimam.

163 1586 285 1663 Quibus
306 1586 390 1649 euim
413 1606 454 1650 ex
477 1583 614 1670 quinque
634 1587 730 1651 rebus
752 1594 894 1651 constare
916 1584 1047 1662 dicitur,
1071 1606 1180 1652 earum
1204 1608 1266 1653 una
1280 1610 1423 1677 quaeque
1438 1598 1487 1657 est

124 1695 214 1750 ssars
234 1683 302 1764 ipsa
323 1699 435 1763 magna
456 1698 514 1764 per
535 1697 614 1743 seso.
657 1681 763 1756 Quare
785 1677 923 1765 quinque
943 1681 1055 1746 artium
1071 1701 1242 1747 concursus
1256 1686 1484 1761 maximarum,

163 1784 308 1863 quantam
329 1776 393 1841 rim
416 1778 625 1859 quantamque
647 1770 858 1839 difficultatem
884 1772 1017 1851 haheat,
1052 1774 1224 1841 existimari
1250 1784 1366 1861 potest.
1413 1783 1482 1845 Vll.

162 1874 214 1936 66.
236 1873 338 1935 Testis
360 1877 408 1935 est
429 1869 573 1942 Graecia,
600 1886 680 1953 quae
702 1887 773 1932 cum
796 1865 999 1954 eloquentiae·
1016 1871 1120 1935 studio
1143 1871 1183 1935 sit
1203 1869 1330 1938 incensa
1351 1872 1487 1939 iamdiu·

163 1985 225 2050 que
252 1962 385 2029 excellat
413 1962 446 2028 in
476 1982 514 2029 ee
540 1970 738 2048 praestetque
764 1964 877 2027 ceteris
884 1987 894 2036 5
931 1970 1035 2027 tamen
1057 1983 1166 2028 omnes
1187 1973 1271 2031 artes
1292 1969 1482 2033 vetustiores

163 2056 259 2125 habet
279 2066 311 2123 et
330 2059 429 2124 multo
453 2064 524 2121 ante
545 2078 608 2121 non
629 2058 771 2122 inventas
788 2058 905 2132 solum,
927 2056 1091 2123 sedetiam
1106 2060 1274 2141 perfectas,
1298 2081 1393 2147 quam
1407 2066 1486 2127 haec

126 2162 212 2221 esest
236 2150 263 2237 [a
286 2150 424 2237 Graecis]
450 2148 610 2217 elaborata
631 2149 754 2217 dicendi
777 2153 824 2216 ris
846 2160 938 2237 atque
960 2151 1060 2238 copia.
1103 2155 1140 2217 ln
1154 2174 1249 2238 quam
1264 2175 1335 2220 cum
1350 2155 1486 2232 intueor,

163 2247 299 2313 maxime
322 2247 398 2312 mihi
420 2252 608 2323 occurrunt,
644 2246 764 2323 httioe,
799 2253 830 2310 et
851 2245 939 2330 quasi
960 2244 1065 2311 lucent
1086 2249 1224 2312 Athenae
1247 2254 1335 2325 tuae,
1368 2253 1486 2336 quain

163 2345 242 2407 urbe
263 2341 401 2426 primum
422 2362 456 2405 se
479 2348 586 2406 orator
608 2339 719 2405 extulit
745 2341 944 2425 primumque
973 2341 1068 2404 etiam
1090 2344 1302 2407 monumentis
1324 2349 1355 2408 et
1376 2344 1487 2410 litteris

165 2436 265 2502 oratio
295 2445 343 2501 est
371 2442 484 2519 coepta
509 2436 662 2501 mandari.
708 2437 760 2500 27.
795 2437 912 2500 Tamen
942 2441 1014 2498 ante
1041 2434 1214 2512 Periclem,
1252 2441 1341 2501 cuius
1370 2441 1487 2522 scripta

164 2536 317 2619 quaedam
344 2531 509 2607 seruntur,
542 2537 574 2595 et
596 2527 827 2618 Thucydidem,
863 2530 917 2614 qui
938 2549 1002 2592 non
1023 2531 1221 2595 nascentibus
1249 2531 1396 2605 Athenis,
1431 2532 1486 2598 sed

126 2629 225 2693 seium
259 2625 372 2693 adultis
401 2623 542 2696 luerunt,
579 2625 683 2688 littera
711 2622 796 2688 nulla
825 2630 887 2696 est,
922 2643 1001 2709 quae
1030 2624 1157 2709 quidem
1179 2634 1325 2692 ornatum
1348 2627 1500 2714 aliquem„

163 2720 276 2787 haheat
298 2729 329 2786 et
349 2718 483 2786 oratoris
505 2739 573 2784 esse
595 2719 751 2784 videatur.
797 2718 993 2804 Quamquam
1026 2720 1133 2804 opinio
1164 2729 1211 2786 est
1239 2729 1271 2786 et
1299 2742 1392 2798 eum,
1432 2724 1486 2810 qui

162 2818 269 2881 multis
290 2815 379 2881 anuis
401 2821 473 2879 ante
494 2811 553 2878 bos
574 2811 685 2888 fuerit,
709 2812 900 2876 Pisistratum
922 2820 954 2877 et
974 2812 1078 2899 paullo
1101 2817 1260 2880 seniorem
1281 2817 1375 2880 etiam
1396 2817 1487 2881 Solo-

162 2932 234 2976 nem
256 2919 427 2997 posteaquo
450 2907 638 2975 Clisthenem
661 2908 811 2982 multum,
835 2914 870 2971 ut
882 2910 1076 2992 temporibus
1090 2909 1167 2984 illis,
1189 2910 1324 2976 valuisse
1340 2910 1486 2975 dicendo.

164 3007 216 3069 28.
248 3007 322 3069 Post
349 3005 430 3069 hanc
458 3010 591 3069 aetatem
619 3002 738 3090 aliquot
758 2999 864 3076 aunis,
899 3009 933 3066 ut
955 3022 995 3065 ex
1017 3002 1127 3067 Atticis
1148 2997 1359 3082 monumentis
1381 3011 1487 3087 potest

127 3100 314 3186 ,eperspici
348 3097 572 3164 Themistocles
601 3095 677 3172 fuit,
710 3117 802 3182 quem
834 3104 956 3161 constat
984 3117 1055 3162 cum
1083 3098 1265 3180 prudentia,
1301 3108 1368 3163 tum
1390 3101 1486 3164 etiam

164 3191 343 3276 eloquentia
365 3194 574 3279 praestitisse;
596 3200 669 3279 post
689 3191 839 3264 Pericles,
864 3193 918 3276 qui
940 3210 1010 3255 cum
1031 3189 1160 3258 floreret
1180 3195 1266 3257 omni
1289 3212 1406 3279 genere
1422 3193 1487 3258 vir-

164 3289 256 3375 tutis,
282 3290 341 3352 hac
361 3295 467 3352 tamen
488 3285 547 3352 fuit
567 3285 660 3351 laude
682 3285 879 3354 clarissimus.
921 3287 1069 3352 Cleonem
1091 3287 1185 3375 etiam
1206 3286 1401 3374 temporibus
1423 3290 1486 3353 illis

163 3379 377 3448 turbulentum
399 3381 488 3449 illum
511 3380 638 3466 quidem
661 3379 781 3456 civem,
808 3383 864 3445 sed
886 3387 990 3446 tamen
1013 3380 1211 3466 eloquentem
1234 3391 1352 3447 constat
1373 3381 1483 3447 fuisse.

163 3479 214 3541 29.
237 3477 318 3540 Huic
340 3477 433 3543 aetati
454 3496 606 3564 suppares
627 3472 819 3549 Alcibiades,
851 3474 975 3549 Critias,
1005 3479 1233 3554 Theramenes;
1271 3475 1385 3561 quibus
1407 3484 1487 3541 tcm-

127 3571 294 3658 esporibus
324 3575 409 3658 quod
438 3570 561 3637 dicendi
590 3590 688 3657 genus
717 3569 870 3655 viguerit,
908 3592 947 3634 ex
969 3568 1142 3655 Thucydidi
1164 3569 1301 3656 scriptis,
1339 3569 1393 3656 qui
1415 3573 1485 3654 ipse

163 3674 231 3731 tum
252 3662 330 3740 fuit,
352 3665 482 3749 intelligi
504 3665 640 3731 maxime
662 3672 776 3751 potest.
819 3662 958 3729 Grandes
980 3673 1068 3728 erant
1089 3662 1211 3739 verbis,
1235 3663 1337 3728 crebri
1360 3673 1486 3730 seuten-

163 3760 229 3834 tiis,
263 3762 496 3846 compressione
524 3780 629 3826 rerum
662 3757 778 3826 breves
807 3765 840 3823 et
865 3755 907 3822 ob
935 3778 1004 3822 cam
1035 3758 1137 3842 ipsam
1169 3778 1293 3824 causam
1324 3758 1484 3825 interdum

163 3851 360 3920 subobscuri.
406 3857 489 3921 Vlll.
514 3859 565 3920 30.
605 3855 666 3919 Sed
695 3860 731 3917 ut
759 3854 949 3917 intellectum
978 3860 1040 3926 est,
1077 3861 1223 3938 quantam
1254 3855 1318 3918 vim
1351 3850 1485 3919 haberet

163 3956 305 4014 accurata
327 3958 359 4015 et
379 3946 462 4013 iacta
483 3951 618 4037 quodam
641 3946 736 4013 modo
759 3945 877 4023 oratio,
901 3954 966 4011 tum
988 3949 1080 4013 etiam
1099 3949 1237 4031 magistri
1252 3946 1376 4013 dicendi
1393 3946 1484 4011 multi

125 4071 154 4114 so
164 4043 273 4109 subito·
288 4042 483 4109 exstiterunt.
529 4048 608 4108 Tum
623 4043 795 4109 Leontinus
812 4043 957 4126 Gorgias,
982 4045 1231 4131 Thrasymachus
1247 4041 1483 4118 Calchedonius,

233 4300 276 4349 16.
296 4299 440 4360 eaprtmm
459 4297 510 4350 66.
530 4299 556 4349 2.
579 4296 672 4349 llreed.
690 4297 777 4349 Peter·
802 4321 834 4332 -
862 4299 897 4347 ets
917 4297 1000 4348 Codd.
1021 4296 1189 4357 complures:
1208 4296 1242 4345 tte
1260 4295 1290 4345 R.
1311 4317 1344 4331 -
1365 4302 1428 4345 suut
1446 4294 1481 4355 l),

164 4368 217 4419 Gn.
238 4372 264 4419 1.
284 4368 486 4420 Coniuncttrum
506 4369 604 4421 babent
621 4366 705 4419 codd.
726 4366 847 4430 plerique
870 4375 896 4418 et
912 4370 946 4418 R.
978 4392 1005 4404 -
1036 4369 1079 4418 11.
1099 4363 1170 4429 uero]
1198 4378 1246 4430 eqo
1264 4366 1298 4416 1).
1329 4365 1381 4416 Cu.
1402 4367 1427 4416 1.
1448 4391 1483 4402 -

164 4440 207 4490 16.
227 4439 322 4490 hobeot
339 4440 449 4491 Lemo:
470 4439 584 4490 hoheoot
603 4439 648 4489 llll
667 4451 726 4488 cum
745 4438 829 4490 Codd.
851 4440 927 4489 notts.
949 4462 980 4474 -
998 4439 1042 4489 11).
1063 4439 1111 4489 Vr.
1133 4433 1276 4487 odroects
1296 4449 1354 4487 cum
1373 4437 1483 4501 Meyero

163 4511 270 4560 seclustt
287 4510 320 4561 Τ.
343 4536 372 4548 -
400 4509 444 4562 16.
464 4510 544 4562 Attici
562 4510 646 4561 Codd.
667 4511 721 4559 nott
741 4508 818 4558 etit.
839 4507 958 4561 Correstt
975 4509 1066 4559 lamb.
1097 4532 1129 4543 -
1158 4506 1202 4558 ³5.
1224 4507 1369 4570 Thucydide·
1385 4509 1431 4571 ις.
1453 4506 1481 4557 6.

164 4581 207 4630 61.
236 4581 303 4631 Ven.
324 4580 345 4629 1.
366 4581 426 4638 elit,
455 4581 516 4630 llllt
549 4580 705 4646 Thucydidis
733 4579 764 4629 ll.
795 4603 823 4614 -
856 4579 899 4629 37.
920 4575 1116 4641 compressione]
1146 4580 1333 4640 compositione
1352 4579 1397 4642 bg·
1417 4576 1486 4637 oth,

165 4651 390 4714 comprehensione
408 4651 520 4711 breed..
546 4654 608 4702 ttem
627 4650 738 4702 Crltteus
766 4646 899 4712 (Cutaclns
917 4650 957 4701 vel
978 4645 1144 4715 bouquetus)
1171 4653 1199 4700 tn
1217 4663 1269 4714 mg.
1285 4649 1378 4699 Lamh.
1399 4647 1479 4699 totid.

164 4722 192 4770 ln
211 4720 278 4772 Btbl.
299 4723 443 4782 Berneost,
464 4736 555 4774 rursus
568 4722 701 4774 Gesnerus
720 4723 747 4773 to
760 4719 859 4780 Thes..
880 4720 940 4770 scu.
956 4721 1030 4783 proh.
1044 4718 1224 4785 Bernhardyo.
1244 4723 1280 4769 At
1292 4719 1350 4770 etde
1365 4715 1481 4770 Ellendt·

165 4789 259 4913 -ε-ΐθ.
279 4790 465 4846 Calchedonius
483 4795 530 4861 Ly.
550 4794 577 4846 8.
595 4793 639 4846 51.
658 4792 703 4844 50.
729 4790 796 4844 Vsu.
819 4792 844 4840 1.
865 4790 955 4843 01161).
975 4791 1014 4851 T,
1042 4799 1072 4843 ut
1097 4791 1179 4842 lusce.
1200 4804 1236 4841 m.
1257 4790 1315 4841 Lat.
1340 4789 1375 4842 lt.
1393 4790 1479 4841 5⁴5st

184 4861 218 4914 ho
229 4861 348 4914 ceduntur
365 4863 396 4918 ll.
