3232 5392
168 198 231 264 333
755 198 907 266 uentus

146 380 153 395 ·
249 358 360 426 val.
394 359 425 423 Is
447 359 543 440 igitur
563 353 767 423 mediocriter
787 379 807 424 a
828 359 969 424 doctrina
991 356 1177 435 instructus,
1207 362 1370 448 augustius
1400 362 1497 429 ctiam

164 461 317 519 enatura
324 499 334 530 ,
369 449 479 518 labore
507 460 539 516 et
565 450 720 518 industria
748 461 781 517 et
810 451 896 537 quod
921 450 1091 518 adhibebat
1110 453 1151 520 ad
1172 456 1360 522 obtinendas
1382 477 1493 522 causas

165 566 274 613 arram
305 549 397 613 etiam
430 553 462 611 et
492 547 642 629 gratiam,
679 545 713 611 in
746 544 940 632 principibus
971 549 1111 632 patronis
1140 547 1262 634 aliquot
1295 570 1394 616 annos
1423 549 1495 616 luit.

167 643 204 706 ln
223 643 317 707 buius
340 642 482 707 oratione
504 662 608 706 sermo
631 638 760 706 Latinus
783 651 867 718 erat,
898 643 996 707 verba
1017 661 1081 707 non
1103 640 1239 720 abiecta,
1263 666 1314 711 res
1335 647 1497 730 composi-

142 744 215 804 tius
244 734 427 819 diligentem
463 732 567 800 nullus
594 732 653 799 llos
680 741 785 800 umen
812 756 918 820 neque
945 736 1052 802 lumen
1079 737 1195 818 ullum;
1233 741 1330 805 animi
1360 760 1494 825 magna,

165 829 252 898 vocis
273 849 369 916 parva
391 830 571 905 contentio,
595 828 790 896 omniafere
811 841 846 896 ut
867 829 1010 896 similiter
1031 838 1125 917 atque
1146 854 1210 897 uno
1233 822 1337 899 modo'
1351 837 1496 900 diceren-

165 934 228 993 tur.
273 928 351 989 Nam
373 922 466 993 huius
487 923 627 1010 aequalis
649 933 680 989 et
702 924 848 991 inimicus
877 927 910 992 C.
931 922 1070 991 Fimbria
1091 947 1156 992 non
1177 926 1221 993 ita
1242 928 1298 993 diu
1318 930 1436 995 iactare
1458 949 1495 993 se

164 1020 283 1110 potuit,
323 1020 377 1105 qui
398 1018 505 1084 omnia
524 1039 638 1104 magna
657 1039 736 1085 voce
758 1018 880 1096 dicens,
913 1018 1083 1086 verborum
1111 1041 1186 1086 sane
1212 1024 1371 1089 bonorum
1397 1043 1495 1088 cursu

164 1112 301 1201 quodam
327 1111 473 1189 incitato,
507 1112 551 1179 ita
578 1113 703 1180 larebat
733 1121 851 1189 tamen,
884 1120 920 1178 ut
946 1115 1099 1180 mirarere
1129 1122 1193 1180 tam
1221 1116 1298 1182 alias
1320 1139 1372 1184 res
1394 1138 1493 1203 agere

126 1223 155 1265 1⁰
164 1209 331 1296 populum,
353 1216 389 1273 ut
410 1215 493 1274 esset
513 1210 622 1274 insano
644 1211 729 1274 inter
750 1211 886 1275 disertos
903 1206 1003 1273 loeus.
1048 1210 1122 1274 uei.
1148 1209 1204 1274 Cu.
1221 1222 1326 1284 autem
1341 1213 1494 1279 Lentulus

163 1301 264 1369 multo
287 1302 439 1368 maiorem
460 1301 644 1387 opinionem
667 1303 791 1369 dicendi
812 1305 935 1367 actione
954 1300 1108 1380 iaciebat,
1144 1325 1238 1391 quam
1259 1316 1376 1394 quanta
1397 1311 1431 1373 in
1452 1327 1493 1373 eo

163 1395 292 1465 bouitas
314 1405 398 1463 erat:
422 1398 478 1484 qui
500 1419 571 1464 cnm
593 1407 757 1464 essetnec
778 1404 960 1482 peracutus,
983 1416 1174 1483 quamquam
1195 1408 1228 1464 et
1249 1422 1290 1466 ex
1306 1400 1387 1467 facie
1404 1410 1493 1467 etex

162 1491 251 1557 vultu
271 1488 455 1569 videbatur,
479 1511 539 1557 nec
559 1491 721 1558 abundans
742 1491 863 1567 verbis,
886 1488 945 1556 etsi
964 1487 1092 1556 fallebat
1113 1490 1147 1556 in
1169 1512 1209 1558 eo
1223 1493 1310 1580 ipso,
1334 1495 1380 1561 sic
1394 1494 1493 1561 inter·

162 1584 267 1660 vallis,
300 1585 600 1662 exclamationibus,
633 1607 712 1652 voce
733 1586 823 1653 suavi
844 1594 876 1652 et
896 1603 1025 1659 canora,
1059 1584 1292 1667 iadmirando
1319 1589 1490 1666 irridebat,

126 1679 285 1746 ueniebat
305 1678 339 1745 in
360 1684 502 1766 agendo,
525 1688 561 1747 ut
582 1702 637 1758 ea,
662 1702 743 1769 quae
765 1684 909 1754 deerant,
933 1698 998 1744 non
1019 1677 1284 1749 desiderarentur.
1326 1688 1390 1760 lta,
1412 1692 1493 1750 tam-

161 1796 257 1862 Qum
279 1775 374 1841 Curio
395 1775 488 1863 copia
508 1774 658 1841 nonnulla
678 1778 866 1849 verborum,
889 1772 976 1840 nnllo
998 1773 1062 1841 alio
1079 1777 1183 1852 bono,
1208 1778 1310 1843 tenuit
1324 1786 1489 1846 oratorum

160 1868 284 1938 locum:
322 1872 396 1937 235.
431 1873 476 1936 sie
504 1869 655 1935 Lentulus
688 1878 865 1936 ceterarum
896 1868 1046 1935 virtutum
1080 1868 1206 1936 dicendi
1237 1870 1490 1938 mediocritatem

161 1967 286 2031 actione
308 1964 491 2040 occultavit,
514 1965 548 2028 in
569 1984 631 2050 qua
652 1964 809 2030 excellens
829 1962 906 2042 brit3
929 1983 1033 2051 neque
1047 1963 1146 2030 multo
1160 1985 1251 2030 secus
1273 1969 1308 2032 P.
1324 1967 1488 2044 Lentulus,

161 2057 250 2126 euius
266 2067 297 2126 et
311 2059 512 2144 excogitandi
533 2065 566 2123 et
588 2057 739 2144 loquendi
760 2060 938 2124 tarditatem
959 2061 1084 2142 tegebat
1104 2057 1225 2125 formae
1246 2060 1395 2145 dignitas,
1417 2084 1492 2129 cor·

123 2159 250 2244 ”poris
270 2164 375 2222 motus
397 2153 508 2241 plenus
529 2161 561 2218 et
581 2154 656 2217 artis
678 2160 710 2218 et
730 2155 917 2231 venustatis,
940 2155 1027 2219 vocis
1041 2160 1074 2219 et
1087 2156 1223 2220 suavitas
1240 2163 1273 2220 ct
1288 2155 1487 2241 magnitudo,

161 2252 207 2320 sio
233 2252 268 2318 in
296 2254 358 2316 boc
388 2247 467 2313 nibil
495 2255 621 2332 praeter
646 2246 801 2312 actionem
831 2245 906 2321 luit,
940 2256 1046 2313 cetera
1074 2247 1168 2314 etiam
1196 2249 1318 2316 minora
1340 2271 1435 2336 quam
1456 2253 1489 2318 in

160 2346 335 2434 superiore.
380 2343 504 2408 LXVII.
529 2344 602 2406 236.
633 2344 676 2406 M.
699 2343 772 2406 Piso
794 2343 947 2428 quidquid
967 2341 1096 2419 habuit,
1130 2341 1241 2409 babuit
1261 2364 1302 2409 ex
1325 2344 1489 2432 disciplina

160 2443 362 2526 maximeque
384 2459 426 2502 ex
439 2433 585 2502 omnibus
594 2480 604 2511 ,
628 2433 682 2519 qui
696 2444 767 2499 ante
781 2435 926 2512 fuerunt,
951 2436 1079 2504 Graecis
1094 2437 1246 2503 doctrinis
1262 2438 1403 2504 eruditus
1418 2437 1486 2504 tuit

160 2534 278 2601 Habuit
298 2555 317 2598 a
337 2541 446 2598 natura
468 2550 566 2613 genus
587 2530 746 2613 quoddam
767 2529 937 2606 acuminis,
970 2530 1056 2616 quod
1084 2531 1179 2597 etiam
1209 2541 1276 2598 arte
1306 2533 1487 2610 limaverat,

122 2628 247 2716 ¹⁵quod
267 2635 336 2694 erat
356 2626 390 2692 in
410 2621 680 2709 reprehendendis
701 2625 807 2689 verbis
828 2632 992 2691 versutum
1014 2635 1045 2691 et
1066 2625 1192 2704 sollers,
1227 2625 1283 2692 sed
1304 2649 1401 2712 saepe
1424 2637 1489 2693 sto·

159 2725 358 2797 macbosum,
381 2738 604 2805 nonuunquam
626 2715 793 2802 frigidum,
815 2717 972 2784 interdum
988 2722 1082 2785 etiam
1095 2719 1241 2789 facetum.
1283 2724 1314 2786 Is
1329 2724 1485 2799 laborem,

159 2816 251 2905 quasi
272 2837 417 2892 cursum,
440 2812 600 2880 forensem
621 2810 738 2878 diutins
759 2833 824 2878 non
845 2813 931 2887 tulit,
954 2818 1039 2898 quod
1062 2822 1093 2878 et
1114 2833 1251 2901 corpore
1273 2823 1341 2880 erat
1360 2814 1486 2881 infirmo

159 2911 368 2980 etbominum
382 2908 516 2994 ineptias
530 2929 567 2971 ac
588 2905 752 2982 stultitias,
774 2928 856 2993 quae
878 2905 1076 2974 devorandae
1098 2908 1191 2974 nobis
1213 2918 1301 2984 sunt,
1323 2931 1388 2976 non
1403 2908 1488 2976 lere·

158 3006 212 3074 bat
239 3005 482 3089 iracundiasque
509 2999 678 3087 respuebat
704 3002 771 3066 sive
799 3022 943 3078 morose,
977 3010 1012 3067 ut
1038 3005 1222 3090 putabatur,
1260 3004 1326 3071 sive
1348 3006 1486 3090 ingenuo

120 3102 323 3190 ⁸’liberoque
344 3097 484 3164 fastidio.
527 3098 558 3161 ls
580 3116 653 3162 cum
674 3095 749 3161 satis
770 3093 930 3162 floruisset
951 3095 1149 3174 adolescens,
1179 3101 1284 3165 minor
1304 3099 1417 3165 haberi
1439 3108 1487 3164 est

159 3206 289 3282 coeptus
316 3202 437 3282 postea.
481 3190 602 3257 Deinde
630 3211 670 3256 cx
697 3191 854 3274 vbginmn
882 3189 1000 3258 iudicio
1027 3213 1171 3277 magnam
1193 3193 1318 3259 laudem
1341 3203 1390 3259 est
1411 3193 1488 3260 ade-

157 3299 229 3380 ptus
250 3298 282 3356 et
303 3310 343 3355 ex
364 3309 403 3355 co
425 3296 568 3371 tempore
592 3287 681 3371 quasi
701 3294 867 3352 revocatus
888 3288 921 3349 in
943 3307 1068 3350 cursum
1091 3286 1191 3352 tenuit
1212 3289 1317 3352 locum
1339 3295 1404 3353 tam
1420 3290 1485 3364 diu,

157 3406 251 3472 qnam
272 3383 358 3450 serre
379 3381 482 3470 potnit
502 3379 658 3459 laborem;
683 3389 811 3465 postea,
835 3388 984 3466 quantum
1006 3383 1142 3446 detraxit
1164 3403 1205 3447 ex
1218 3384 1339 3459 studio,
1364 3391 1486 3449 tantum

157 3480 261 3546 amisit
282 3502 322 3546 ex
344 3477 455 3562 gloria.
499 3478 573 3540 237.
605 3477 640 3544 P.
661 3479 793 3541 Murena
813 3473 969 3540 mediocri
990 3475 1136 3560 ingenio,
1160 3477 1217 3541 sed
1238 3497 1353 3563 magno
1376 3478 1486 3544 studio

120 3580 266 3642 ⁸6rerum
288 3581 448 3648 veterum,
476 3569 651 3636 litterarum
671 3577 704 3635 et
723 3568 881 3635 studiosus
904 3577 936 3635 et
956 3588 1022 3635 non
1043 3568 1224 3657 imperitus,
1254 3573 1370 3638 multae
1393 3573 1486 3637 indu·

158 3668 253 3736 striae
275 3675 308 3734 et
327 3667 432 3749 magni
453 3663 571 3728 laboris
592 3662 662 3729 init.
708 3666 743 3731 C.
768 3662 958 3729 Censorinus
981 3663 1107 3729 Graecis
1127 3664 1239 3731 litteris
1260 3665 1336 3731 satis
1358 3665 1483 3742 doetus,

158 3764 244 3849 quod
264 3766 492 3847 proposuerat,
520 3757 681 3844 explicans
700 3758 861 3843 expedite,
893 3778 958 3824 non
979 3761 1161 3824 invenustus
1182 3768 1287 3836 actor,
1319 3760 1375 3827 sed
1396 3762 1485 3826 iners

159 3863 191 3922 et
210 3854 354 3920 inimicus
374 3853 449 3919 lori.
494 3855 531 3917 l..
547 3853 661 3916 Turius
682 3871 781 3936 parvo
802 3853 949 3937 iugenio,
982 3851 1039 3918 sed
1067 3851 1165 3919 multo
1193 3853 1318 3931 labore,
1352 3876 1484 3943 quoquo

157 3949 253 4017 modo
274 3956 414 4037 poterat,
438 3967 532 4032 saepe
553 3944 695 4023 dicebat;
718 3947 825 4030 itaque
848 3947 878 4009 ei
900 3967 1019 4029 paucae
1041 3949 1199 4014 centuriae
1222 3951 1261 4014 ad
1283 3949 1484 4017 consulatum

16 4070 18 4091 =
119 4050 148 4096 ⁴⁰
158 4043 335 4111 defuerunt.
380 4045 454 4109 238.
491 4043 524 4105 C.
548 4042 655 4106 blacer
682 4044 865 4105 auctoritate
887 4059 1012 4126 semper
1035 4041 1138 4125 eguit,
1173 4045 1229 4108 sed
1249 4041 1310 4108 luit
1330 4052 1483 4129 patronus

156 4137 389 4225 propemodum
411 4136 678 4221 diligentissimus.
721 4135 824 4199 Huius
845 4134 872 4196 si
893 4132 975 4210 vita,
1010 4136 1037 4198 si
1063 4157 1189 4214 mores,
1219 4138 1247 4203 si
1268 4138 1372 4204 vultus
1394 4136 1485 4203 deni-

228 4364 254 4414 t.
272 4367 297 4413 et
316 4359 453 4426 anpusttus
472 4355 523 4408 Gu.
544 4357 570 4406 1.
584 4355 610 4405 2.
630 4353 725 4407 Drctd.
745 4352 831 4404 Peter.
869 4352 903 4404 Ut
920 4365 984 4413 nos,
1003 4356 1086 4406 ceteri
1104 4353 1163 4407 ttbri
1183 4362 1210 4409 et
1225 4357 1260 4409 R.
1281 4383 1310 4396 -
1331 4357 1375 4408 ta
1396 4359 1482 4410 admi

156 4433 243 4488 raudo
260 4426 400 4492 irridebat]
420 4429 506 4480 Locus
525 4427 688 4489 desperatus.
716 4425 880 4474 admirantes
904 4424 1042 4476 irretiebat
1064 4425 1213 4478 Sebutrlus.
1241 4453 1270 4466 -
1303 4429 1345 4480 15.
1365 4427 1480 4493 calebat]

158 4506 310 4569 subluteus
325 4504 387 4554 Par.
402 4498 437 4559 C,
468 4497 637 4562 capiebatque
654 4495 797 4560 Sebevtnq,
828 4499 853 4544 et
870 4496 908 4545 stc
932 4494 1033 4546 calebat
1057 4496 1204 4550 Scbtttztus·
1232 4497 1434 4561 (admirandam
1450 4504 1481 4551 tu

157 4576 263 4626 modum
281 4574 384 4625 calebat
402 4569 484 4622 dubia
503 4568 626 4619 Ellendtlt
644 4568 777 4630 suspicio,
807 4565 965 4615 admirando
983 4569 1211 4628 corporeitatem
1233 4571 1352 4633 capiebat
1375 4569 1480 4634 Peter.)

160 4672 191 4686 ..
210 4646 253 4698 17.
271 4643 398 4695 beatulus
415 4642 463 4706 bg.
482 4652 589 4695 omnes,
619 4636 774 4689 Gu.1.ll=
804 4637 851 4687 Cu.
873 4634 1002 4686 tentetur
1021 4649 1081 4689 eum
1098 4639 1227 4692 lumbino
1245 4641 1277 4692 lt.
1307 4667 1337 4680 -
1367 4641 1410 4693 18.
1430 4655 1480 4693 aaa

158 4715 193 4767 Ι).
213 4715 265 4767 Gn.
284 4716 310 4764 1.
329 4712 471 4766 blitesd.
490 4711 529 4770 u,
557 4708 645 4763 Peter·
674 4730 707 4745 -
736 4706 782 4758 21.
800 4703 849 4769 ate]
868 4705 910 4756 An
928 4706 992 4757 aad?
1018 4708 1070 4759 On.
1091 4734 1121 4747 -
1152 4711 1195 4762 tto.
1217 4712 1478 4764 ottamom.1t.-

158 4789 204 4842 33.
222 4786 251 4836 L.
272 4784 384 4836 Tbortus
395 4783 504 4847 Ptgbtus
516 4780 549 4831 Τ.
563 4779 613 4832 111.
633 4793 660 4843 p.
672 4778 735 4831 373.
762 4777 846 4829 codd.
863 4780 1020 4840 scrtpturam
1040 4776 1159 4832 deiendit
1176 4780 1316 4836 Wctcbcrt
1334 4783 1367 4834 de
1385 4784 1477 4835 Poetis

158 4859 217 4914 Lat·
236 4869 263 4920 p·
277 4855 321 4909 37.
341 4881 372 4895 -
392 4853 436 4908 33.
456 4850 491 4920 11]
504 4856 528 4904 st
539 4851 574 4902 u.
588 4850 636 4916 ιι.
655 4846 957 4914 (praececedens)
975 4849 1043 4905 Van.
1057 4850 1083 4902 1.
1102 4850 1164 4906 Vnt.
1184 4850 1236 4906 (lu.
1250 4855 1275 4907 1.
1288 4854 1315 4910 a.
1333 4853 1430 4908 Drevd.
1441 4855 1476 4909 n.
