3216 5400
159 221 221 286 236
689 218 743 281 Dll
765 218 954 281 ORATORE

159 389 222 444 est:
260 378 399 441 narratio
422 378 555 441 obscura
579 383 676 440 totam
701 379 851 440 obcaecat
871 374 1062 447 orationem,
1099 377 1149 440 vel
1168 375 1254 461 quod
1279 376 1341 441 alia
1365 380 1483 463 possis,

159 470 257 539 semel
278 468 304 534 si
324 468 487 534 obscurius
507 467 641 541 dixeris,
664 466 769 533 dicere
791 469 854 534 alio
877 469 948 533 loco
965 468 1102 552 planius:
1125 472 1315 535 narrationis
1338 492 1421 536 unus
1436 481 1484 536 est

158 566 192 630 in
212 583 306 628 causa
327 562 426 628 locus.
469 564 537 627 Erit
558 569 663 636 autem
684 563 847 648 perspicua
870 566 1024 636 narratio,
1046 563 1073 628 si
1093 564 1198 630 verbis
1217 564 1358 641 usitatis,
1383 566 1411 629 si
1432 588 1483 630 or·

159 659 232 724 dine
248 665 426 739 temporum
446 663 650 730 conservato,
672 658 699 721 si
724 676 788 721 non
806 658 982 742 interrupte
1002 655 1194 722 narrabitur.
1238 661 1385 723 LXXXI.
1410 663 1481 724 330.

138 755 223 819 sSed
244 754 369 836 quando
389 751 539 815 utendum
561 748 602 813 sit
622 757 678 814 aut
702 771 766 814 non
791 749 831 814 sit
851 752 1049 825 narratione,
1072 750 1173 816 idest
1194 751 1329 817 consilii.
1372 757 1482 836 Neque

159 846 290 911 enimsi
311 851 385 909 nota
407 863 457 907 res
480 850 527 906 est
549 862 608 906 nec
627 840 776 916 dubium,
798 842 875 926 qnid
895 852 1017 929 gestum
1036 843 1092 918 sit,
1115 866 1245 910 narrare
1260 855 1405 929 oportet,
1426 866 1484 911 nec

159 943 185 1007 si
199 937 395 1004 adversarius
409 935 564 1010 narravit,
585 936 647 1000 nisi
664 937 690 1000 si
705 937 896 1003 refellemus.
937 942 997 1010 Ac,
1021 940 1047 1002 si
1062 941 1188 1022 quando
1203 938 1265 1004 erit
1279 943 1480 1012 narrandum,

159 1054 218 1099 nec
239 1034 306 1107 illa,
328 1051 408 1119 quae
422 1028 633 1115 suspicionem
652 1038 685 1094 et
702 1029 822 1094 crimen
842 1028 977 1095 efficient
998 1039 1170 1116 contraque
1188 1052 1247 1097 nos
1267 1041 1381 1109 erunt,
1404 1033 1483 1098 acri-

158 1135 207 1193 ter
228 1144 455 1212 persequamur
476 1131 523 1197 et,
547 1122 700 1208 quidquid
717 1126 851 1209 poterit,
875 1123 1093 1201 detrahamus;
1116 1146 1157 1189 ne
1172 1124 1269 1200 illud,
1291 1130 1377 1211 quod
1393 1127 1483 1191 Cras-

121 1238 230 1298 wsus,
252 1221 417 1306 siquando
433 1216 499 1291 fiat,
521 1214 667 1302 perfidia,
690 1237 753 1281 non
768 1217 897 1282 stultitia
912 1215 979 1282 fieri
995 1226 1098 1303 putat,
1121 1227 1156 1282 ut
1170 1239 1282 1284 causae
1298 1240 1480 1295 noceamus,

158 1313 287 1383 accidat
331 1317 408 1377 Nam
431 1310 471 1376 ad
494 1330 647 1375 summam
669 1310 764 1376 totius
786 1329 898 1376 causee
926 1314 1079 1397 pertinet,
1113 1321 1204 1378 caute
1229 1334 1268 1379 an
1297 1323 1409 1379 contra
1430 1312 1484 1378 de·

158 1414 328 1474 monstrata
350 1429 401 1470 res
423 1407 476 1477 sit,
500 1401 586 1490 qnod
609 1403 712 1468 omnis
736 1404 889 1469 orationis
910 1407 1053 1488 reliquae
1072 1404 1144 1471 sons
1166 1415 1216 1471 est
1236 1412 1386 1474 narratio.

243 1505 316 1566 331.
353 1499 515 1584 Sequitur,
545 1504 580 1561 nt
608 1518 701 1562 causa
728 1505 882 1581 ponatur,
916 1498 949 1563 in
971 1517 1034 1583 quo
1055 1497 1227 1565 ridendum
1249 1509 1315 1577 est,
1349 1501 1427 1587 quid
1449 1503 1481 1565 in

159 1597 405 1661 controversiam
419 1591 533 1656 veniat.
579 1594 658 1656 Tum
680 1594 878 1675 suggerenda
891 1599 962 1656 sunt
976 1590 1170 1658 firmamenta
1185 1614 1297 1660 causae
1313 1596 1480 1660 coniuncte

121 1705 150 1751 ιε,
159 1697 192 1755 et
211 1685 407 1754 infirmandis
439 1683 604 1750 contrariis
634 1692 666 1748 et
695 1689 758 1749 tuis
787 1684 1017 1751 confirmandis.
1071 1689 1225 1774 Namque*
1239 1710 1302 1754 nna
1323 1691 1357 1753 in
1379 1689 1481 1754 causis

158 1784 239 1848 ratio
260 1784 414 1867 quaedam
437 1787 485 1843 est
506 1777 574 1842 eius
596 1777 766 1854 orationis,
796 1799 878 1863 quae
900 1778 940 1843 ad
961 1777 1155 1865 probandam
1178 1783 1482 1867 argumentationem

158 1880 252 1942 valet.
296 1878 343 1938 Ea
373 1881 478 1938 autem
511 1878 543 1935 et
571 1872 842 1936 confirmationem
874 1880 906 1937 et
935 1875 1218 1955 reprehensionem
1249 1878 1391 1960 quaerit;
1427 1876 1483 1942 sed

158 1972 234 2055 qnia
260 1989 362 2051 neque
384 1967 591 2052 reprehendi,
623 1986 703 2049 quae
726 1964 1023 2042 contradicuntur,
1058 1977 1210 2050 possunt,
1243 1971 1303 2034 nisi
1332 1979 1386 2034 tua
1408 1993 1483 2035 cou-

159 2062 283 2137 firmes,
316 2082 419 2146 neque
449 2062 526 2123 baec
554 2056 749 2132 confirmari,
782 2059 844 2123 nisi
871 2057 925 2123 illa
946 2059 1175 2145 reprehendas,
1206 2060 1327 2128 idcirco
1349 2067 1428 2128 baec
1450 2073 1482 2129 et

122 2164 271 2221 sanatura
291 2163 323 2221 et
342 2153 473 2219 utilitate
495 2160 527 2216 et
548 2151 732 2217 tractatione
755 2151 919 2216 coniuncta
934 2160 1016 2218 sunt.
1061 2157 1135 2219 332.
1160 2155 1273 2221 Omnia
1288 2164 1392 2220 autem
1407 2177 1482 2222 con-

159 2249 312 2315 cludenda
326 2246 513 2330 plerumque
530 2244 624 2309 rebus
638 2245 791 2328 augendis
804 2248 856 2311 vel
871 2245 1094 2311 inflammando
1109 2248 1211 2314 indice
1227 2249 1278 2315 vel
1291 2248 1481 2333 mitigand03

158 2343 326 2426 omniaque
355 2361 426 2404 cum
456 2337 673 2423 superioribus
700 2339 853 2405 orationis
882 2338 979 2415 locis,
1013 2349 1080 2407 tum
1110 2345 1247 2407 maxime
1277 2352 1419 2408 extremo
1442 2348 1481 2409 ed

158 2446 279 2501 mentes
305 2433 443 2500 iudicum
476 2453 569 2518 qnam
597 2434 735 2498 maxime
764 2432 995 2520 permovendas
1025 2442 1057 2499 et
1084 2432 1123 2499 ad
1151 2436 1318 2502 utilitatem
1339 2446 1482 2503 nostram

157 2528 314 2597 vocandas
336 2525 524 2594 conferenda
546 2534 628 2591 sunt.

121 2639 150 2680 as
247 2626 321 2689 333.
352 2624 463 2708 Neque
485 2640 559 2686 sane
579 2623 642 2685 iam
664 2638 758 2685 consa
779 2623 1013 2698 videturesse,
1035 2642 1092 2686 our
1113 2642 1311 2688 secernamus
1333 2644 1371 2689 ea
1392 2646 1482 2711 prae-

160 2729 268 2806 cepta,
291 2736 372 2802 qnae
394 2715 433 2781 de
455 2715 654 2779 suasionibus
676 2712 828 2779 tradenda
848 2723 921 2781 sunt
941 2725 995 2781 aut
1015 2713 1257 2784 laudationibus.
1303 2720 1382 2784 Sunt
1397 2719 1480 2785 enim

158 2816 310 2898 pleraque
332 2810 529 2885 communia3
563 2810 619 2872 sed
647 2815 752 2872 tamen
780 2807 914 2875 suadere
943 2809 1062 2895 aliquid
1083 2818 1138 2874 aut
1158 2809 1340 2876 dissuadere
1362 2813 1483 2896 gravis·

158 2907 254 2974 simae
275 2906 354 2970 mibi
374 2922 444 2968 esse
465 2921 620 2988 personae
640 2904 777 2965 videtur.
821 2905 899 2966 Nam
922 2910 954 2966 et
975 2901 1123 2988 sapientis
1138 2912 1186 2968 est
1199 2905 1364 2969 consilium
1380 2907 1483 2992 expli-

158 3019 232 3066 care
252 3020 344 3064 suum
367 2997 406 3061 de
428 2995 573 3060 maximis
593 2997 690 3059 rebus
712 3003 744 3060 et
764 2994 887 3060 bonesti
909 3003 941 3060 et
961 2995 1086 3070 diserti,
1114 3005 1149 3060 ut
1170 3006 1273 3061 mente
1296 3002 1479 3081 providere,

123 3095 341 3160 ”auctoritate
362 3086 514 3176 probare,
543 3087 685 3153 oratione
712 3087 905 3173 persuadere
927 3090 1042 3174 possis.
1087 3093 1243 3155 LXXXII.
1271 3096 1373 3177 Atque
1402 3098 1482 3158 hacc

158 3186 192 3252 in
220 3196 330 3252 senatu
360 3184 483 3249 minore
511 3188 665 3267 apparatu
692 3185 813 3265 agenda
844 3192 935 3261 sunt;
970 3187 1093 3269 sapiens
1123 3187 1208 3249 enim
1229 3192 1278 3248 est
1299 3186 1479 3258 consilium,

158 3279 326 3366 multisque
346 3277 415 3343 aliis
437 3274 562 3342 dicendi
582 3273 804 3360 relinquendus
826 3275 933 3353 locus;
966 3275 1091 3342 vitanda
1113 3277 1206 3341 etiam
1228 3277 1346 3363 ingenii
1374 3290 1481 3345 osten·

159 3372 284 3438 tationis
306 3371 452 3458 suspicio.
495 3371 569 3435 33d.
600 3371 712 3434 Contio
733 3372 816 3455 capit
837 3391 963 3435 omnem
984 3369 1048 3435 vim
1070 3371 1221 3435 orationis
1242 3380 1274 3436 et
1295 3372 1481 3455 gravitatem

159 3469 405 3550 vadentemque
426 3463 594 3529 desiderat.
638 3466 723 3546 Ergo
752 3463 786 3527 in
814 3463 972 3529 suadendo
1000 3463 1079 3529 nibil
1108 3472 1157 3528 est
1185 3465 1354 3550 optabilius
1385 3488 1479 3550 quam

123 3557 305 3644 ”dignitas
349 3564 425 3624 Nam
448 3557 503 3642 qui
525 3557 690 3621 utilitatem
710 3565 816 3639 putat,
838 3578 902 3622 non
924 3560 999 3643 quid
1020 3561 1155 3623 maxime
1177 3559 1252 3624 velit
1272 3578 1399 3634 suasor,
1423 3559 1480 3625 sed

160 3657 236 3744 quid
256 3655 414 3722 interdum
436 3656 534 3737 magis
556 3661 727 3739 sequatur,
761 3651 857 3716 videt.
902 3655 1001 3716 Nemo
1023 3659 1070 3717 est
1091 3651 1194 3727 enirn,
1228 3652 1417 3738 praesertim
1447 3654 1480 3718 in

159 3759 224 3816 tam
238 3749 331 3816 clara¹
343 3749 483 3824 civitate,
505 3747 580 3834 quin
600 3754 689 3833 putet
710 3747 916 3831 expetendam
937 3744 1074 3809 maxime
1089 3745 1288 3829 dignitatem
1313 3750 1368 3811 sed
1383 3745 1483 3814 vincit

158 3842 275 3909 utilitas
296 3842 498 3930 plerumque,
527 3856 598 3906 cum
620 3844 728 3906 subest
749 3840 801 3904 ille
830 3841 943 3915 timor,
975 3858 1013 3903 ea
1034 3838 1194 3922 neglecte,
1230 3860 1270 3904 ne
1292 3839 1478 3923 dignitatem

158 3940 286 4025 quidem
307 3956 400 4023 posse
421 3935 564 4018 retineri,
608 3938 682 4000 335.
706 3935 929 3999 Controversia
950 3940 1053 3997 eutem
1074 3936 1157 3998 inter
1177 3932 1341 3999 hominum
1356 3941 1482 3998 senten·

228 4140 256 4191 3.
276 4151 324 4190 nso
340 4135 450 4187 dubium
467 4132 529 4195 ΑΒ,
548 4134 666 4196 alitque:
686 4148 732 4185 nec
748 4135 773 4183 rt
789 4146 844 4183 oon
861 4133 971 4183 domum
987 4135 1023 4182 stt
1038 4133 1080 4195 n,
1098 4146 1145 4184 nso
1161 4135 1185 4184 st
1202 4147 1257 4184 con
1274 4136 1385 4185 dublum
1404 4135 1480 4185 11.-

159 4221 275 4261 mauors
287 4209 332 4259 ΑΒ
351 4209 468 4269 unque:
486 4206 598 4255 corrosa·
610 4205 666 4255 311.
680 4230 714 4240 -
730 4205 758 4254 ’1.
771 4205 796 4253 at
807 4211 868 4254 suto
879 4204 1026 4268 resedentes
1038 4217 1092 4255 om.
1105 4204 1162 4255 tu.
1181 4229 1211 4241 -
1230 4204 1257 4254 3.
1276 4202 1332 4268 nac]
1351 4216 1385 4253 ns
1403 4206 1434 4255 B.
1450 4230 1479 4243 -

159 4279 187 4331 3.
203 4281 323 4344 potuerit
335 4279 390 4329 ΑΒ.
406 4301 437 4313 -
456 4277 499 4325 to.
517 4281 547 4325 ut
566 4287 618 4325 om.
632 4274 688 4324 ΑΒ.
710 4298 741 4310 -
761 4274 804 4324 12.
823 4271 868 4336 stt]
889 4275 913 4323 st
924 4273 965 4333 Α,
984 4276 1019 4323 stt
1035 4277 1059 4326 st
1075 4274 1178 4339 quidam
1197 4273 1259 4338 Lug.
1272 4275 1299 4324 2.
1317 4300 1343 4313 -
1368 4275 1413 4325 13.
1438 4274 1482 4326 Ss-

159 4356 256 4417 quctur
268 4351 324 4399 ΑΒ.
340 4374 369 4386 -
390 4348 432 4398 tc.
454 4346 526 4395 Tunc
539 4345 567 4394 ll.
587 4368 618 4381 ·-
638 4347 778 4394 coniuncto
789 4345 869 4394 11.-
888 4344 930 4393 15.
943 4345 996 4393 tots
1007 4345 1101 4395 odonis
1112 4345 1299 4410 conponantur
1312 4344 1367 4393 ΑΒ.
1386 4370 1415 4382 -
1437 4346 1481 4395 tr.

159 4424 265 4484 qucnst
276 4420 332 4469 ΑΒ.
347 4444 376 4456 -
398 4417 442 4466 18.
456 4414 515 4479 tuo]
530 4423 560 4465 tu
572 4429 603 4465 cc
615 4416 670 4464 ΑΒ.
685 4439 716 4450 -
735 4415 779 4465 21.
798 4413 1002 4480 inflammandos
1018 4415 1049 4464 B.
1070 4439 1102 4451 -
1120 4416 1164 4464 22.
1184 4416 1315 4466 orationis
1329 4415 1483 4478 plerumque

161 4489 223 4540 locis
235 4489 269 4539 u.
282 4516 310 4527 -
327 4495 441 4540 extremo
454 4513 465 4524 -
477 4510 489 4522 ·
499 4486 613 4535 maximo
626 4499 679 4535 om.
693 4484 749 4534 ΑΒ.
762 4507 792 4521 -
805 4485 849 4534 23.
864 4497 917 4534 ests
927 4496 1056 4545 psrsmscc
1066 4486 1173 4536 uidetur
1185 4484 1270 4536 Codd.
1284 4485 1335 4536 rt:
1353 4497 1484 4547 personae

159 4559 283 4610 ctdcctsu
301 4557 362 4622 (stc)
379 4572 431 4609 stra
448 4557 513 4616 stt,
541 4567 671 4619 perronae
688 4568 739 4605 cors
754 4555 876 4605 cidcntm
894 4550 952 4617 (stc)
971 4553 1010 4614 B,
1037 4556 1143 4606 videtur
1161 4567 1214 4605 trra
1234 4568 1364 4618 personas
1388 4554 1419 4604 u.
1450 4578 1483 4594 -

161 4627 204 4679 30.
222 4630 308 4690 possis
326 4630 348 4679 Α
367 4629 483 4692 alttqncs
500 4629 585 4690 pontt
599 4622 662 4686 (Bt)
680 4624 736 4674 RB.
757 4650 785 4661 -
806 4622 850 4673 32.
869 4622 1067 4688 relinquendus]
1085 4640 1118 4676 cc
1136 4626 1272 4688 linquendi
1289 4626 1329 4687 Α,
1353 4638 1386 4675 co
1403 4625 1482 4675 relisa·

161 4697 259 4761 quendt
276 4699 307 4748 B.
327 4699 407 4755 (illuc
425 4701 452 4748 tu
470 4697 534 4761 Lug.
554 4698 581 4746 2.
599 4696 626 4746 t.
647 4693 690 4744 13.
710 4693 774 4745 stt:
792 4707 825 4744 oc
843 4691 988 4758 loquendi.)
1006 4719 1040 4730 -
1057 4697 1170 4761 tepentis
1182 4697 1214 4746 3.
1233 4722 1267 4732 -
1286 4696 1482 4745 ostentationis·

162 4779 213 4830 qut
230 4767 306 4818 Voss.
324 4768 401 4819 Lstd.
421 4768 456 4818 lt.
477 4792 506 4805 -
540 4765 584 4817 ³5.
602 4761 690 4830 putot]
706 4765 776 4826 pcttt
792 4763 848 4813 ΑΒ.
868 4788 903 4798 -
931 4762 975 4815 37.
995 4769 1053 4816 tam
1069 4779 1122 4818 om.
1141 4767 1197 4816 AB.
1218 4791 1250 4804 -
1279 4767 1482 4826 suspectandam

161 4838 217 4889 ΑΒ.
238 4859 269 4875 -
287 4835 331 4890 33.
349 4839 435 4889 subest
451 4850 506 4889 om.
524 4836 557 4885 Α.
576 4859 609 4873 -
630 4834 674 4888 33.
694 4831 791 4897 cutem]
811 4839 861 4891 out
879 4834 912 4883 u.
