3216 5400
191 231 252 297 102
686 228 740 295 llll
760 231 1008 298 INVENTIONE

188 415 260 461 oum
282 392 380 476 ipsius
401 391 448 457 rai
469 395 575 476 gestae
598 391 756 474 expositio
776 409 921 474 maguam
945 392 1061 476 excipit
1081 394 1309 476 offensionem,
1343 422 1440 486 quam
1462 424 1514 467 ar-

188 486 399 574 gumentando
427 496 459 550 et
485 505 610 550 causam
639 488 761 568 agendo
789 483 880 549 leniri
910 490 1079 572 oportebit.
1125 493 1218 569 Quod
1246 514 1318 559 cum
1346 494 1511 569 acciderit,

188 581 384 650 membratim
407 577 564 666 oportebit
585 588 690 664 partes
711 581 758 645 rei
780 588 886 664 gestae
907 580 1090 668 dispergere
1111 585 1144 649 iu
1167 607 1292 654 causam
1316 595 1347 653 et
1362 592 1401 654 ad
1417 611 1513 655 uuam

189 698 345 764 quamque
368 676 532 739 confestim
554 676 706 738 rationem
730 677 987 751 accommodare,
1025 687 1061 743 ut
1081 681 1204 745 vulneri
1225 691 1353 766 praesto
1374 684 1514 751 medica·

167 779 329 836 omentum
362 769 401 834 sit
429 778 461 833 et
492 771 600 834 odium
630 768 732 834 statim
761 768 903 835 defensio
931 771 1064 857 mitiget.
1109 776 1193 841 Nihil
1221 777 1350 860 prodest
1371 781 1511 847 narratio

189 872 275 939 tum,
309 885 380 927 cum
403 873 457 929 aul
478 866 517 928 ab
539 863 725 928 adversariis
748 884 784 929 re
807 867 969 950 exposita,
1004 875 1112 932 nostra
1139 869 1218 935 nihil
1243 874 1375 939 interest
1396 877 1513 942 iterum

189 967 243 1024 aut
264 959 326 1024 alio
349 961 444 1022 modo
466 979 611 1035 narrare;
641 967 694 1022 aut
717 979 788 1022 cum
810 956 850 1023 ab
873 961 928 1035 iis,
953 964 1006 1046 qui
1028 962 1178 1040 audiunt,
1202 967 1246 1031 ita
1267 974 1393 1034 tenetur
1414 992 1514 1056 nego·

188 1053 284 1129 tium,
309 1062 345 1117 ut
366 1062 472 1119 nostra
494 1051 572 1117 nibil
594 1051 716 1116 intersit
738 1074 793 1117 eos
815 1051 877 1117 alio
900 1064 992 1137 pacto
1013 1058 1142 1122 docere.
1187 1059 1281 1136 Quod
1301 1084 1372 1127 cum
1391 1064 1515 1130 accide-

188 1147 246 1222 rit,
270 1147 397 1213 omniuo
420 1146 599 1212 narratione
622 1151 891 1229 supersedendum
915 1158 973 1215 est.
1019 1154 1089 1216 Nou
1110 1154 1181 1217 loco
1204 1152 1336 1233 dicitur,
1360 1180 1430 1224 oum
1446 1181 1513 1225 nou

151 1244 222 1306 aoiu
251 1262 288 1306 ea
314 1250 403 1327 parte
433 1242 584 1305 orationis
614 1239 803 1316 collocatur,
837 1244 870 1306 iu
897 1264 959 1330 qua
981 1264 1031 1309 ree
1053 1245 1208 1328 postulat;
1246 1271 1309 1334 quo
1333 1254 1373 1316 de
1396 1275 1513 1338 genere

189 1355 318 1420 agemus
339 1345 423 1411 tum,
460 1355 531 1400 cum
554 1332 593 1400 de
616 1335 820 1420 dispositione
842 1339 997 1414 dicemus;
1031 1360 1103 1405 uam
1125 1344 1186 1404 boo
1208 1345 1249 1407 ad
1271 1342 1512 1428 dispositionem

188 1432 335 1518 pertinet.
379 1434 449 1497 Non
481 1431 746 1516 quemadmodum
775 1450 868 1494 causa
897 1433 1051 1515 postulat,
1085 1444 1249 1511 narratur,
1283 1459 1354 1503 cum
1384 1451 1438 1506 aut
1461 1443 1511 1519 id,

189 1528 273 1611 quod
306 1527 488 1590 adversario
518 1525 665 1609 prodest,
699 1522 835 1589 dilucide
863 1533 895 1590 et
922 1536 1031 1592 ornate
1062 1531 1231 1611 exponitur
1258 1538 1313 1595 aut
1339 1533 1391 1610 id,
1426 1539 1513 1622 quod

188 1621 292 1706 ipsum
317 1624 461 1698 adiuvat,
492 1618 626 1686 obscuro
655 1619 770 1684 dicitur
799 1628 829 1685 et
852 1622 1057 1706 negligenter.
1103 1626 1229 1702 Quare,
1262 1635 1298 1691 ut
1318 1631 1379 1693 boo
1401 1629 1512 1695 vitium

150 1736 179 1777 as
188 1714 320 1789 vitetur,
354 1718 459 1781 omnia
481 1716 657 1800 torquenda
678 1721 750 1778 suut
771 1716 811 1778 ad
834 1715 1034 1781 commodum
1061 1738 1135 1782 suae
1164 1740 1295 1798 causae,
1331 1727 1511 1800 contraria,

188 1829 269 1897 quae
291 1810 456 1896 praeteriri
478 1818 643 1895 poteruut,
668 1807 917 1891 praetereundo;
944 1831 1024 1896 quae
1046 1811 1129 1876 illius
1151 1824 1263 1891 eruut,
1286 1815 1398 1881 leviter
1419 1821 1513 1883 attin·

189 1903 311 1987 gendo,
346 1925 400 1969 sua
429 1904 595 1988 diiigenter
622 1912 653 1968 et
682 1905 817 1967 enodate
839 1909 1007 1970 narrando.
1053 1915 1096 1971 Ac
1118 1910 1157 1972 de
1181 1912 1360 1975 narratione
1382 1915 1513 1997 quidem

189 1998 263 2063 satis
285 2000 400 2066 dictum
422 2002 561 2075 videtur3
586 1997 735 2083 deinceps
757 2001 798 2063 ad
818 1999 1019 2084 partitionem
1042 2009 1248 2068 transeamus.
1394 2082 1396 2085 ι

271 2099 374 2161 llllll.
398 2100 449 2160 31.
484 2097 579 2158 Recte
606 2091 711 2157 habita
739 2093 771 2157 iu
801 2112 894 2157 causa
923 2094 1050 2176 partitio
1080 2096 1233 2162 illustrem
1257 2109 1288 2165 et
1310 2101 1510 2185 perspicuam

151 2199 285 2258 ”totam
307 2189 400 2256 efficit
420 2189 606 2255 orationem.
651 2190 759 2252 Partes
781 2187 848 2251 eius
869 2197 942 2251 suut
963 2188 1058 2263 duae,
1085 2211 1219 2275 quarum
1241 2203 1373 2281 utraque
1398 2217 1512 2279 magno

189 2308 288 2372 opere
316 2286 355 2351 ad
384 2282 584 2368 aperiendam
613 2302 738 2347 causam
768 2289 798 2345 el
824 2283 1071 2348 constituendam
1095 2286 1230 2370 pertinet
1252 2290 1512 2360 controversiam.

189 2386 255 2449 Una
275 2404 349 2466 pars
372 2389 434 2453 est,
467 2398 566 2464 quae,
589 2377 665 2463 quid
693 2396 764 2441 cum
786 2374 973 2442 adversariis
995 2379 1160 2444 conveniat
1181 2390 1212 2445 et
1233 2386 1308 2469 quid
1331 2384 1363 2448 iu
1387 2395 1515 2450 contro-

188 2477 292 2542 versia
312 2476 525 2561 relinquatur,
549 2470 702 2547 ostendit;
727 2493 768 2535 ex
788 2491 858 2557 qua·
872 2480 991 2536 certum
1013 2473 1161 2559 quiddam
1176 2473 1349 2543 destinatur
1363 2479 1511 2556 auditori,

189 2571 222 2637 iu
251 2592 314 2658 quo
342 2573 480 2635 animum
510 2564 623 2633 debeat
651 2567 768 2629 habero
800 2574 997 2651 occupatum.
1041 2568 1144 2632 Altera
1167 2577 1232 2645 est,
1266 2573 1299 2635 iu
1324 2595 1386 2657 qua
1407 2594 1512 2638 rerum

117 2664 125 2682 ⁸
151 2677 315 2742 Marium,
340 2655 380 2731 de
402 2663 515 2752 quibus
537 2659 654 2727 erimus
676 2659 808 2735 dicturi,
841 2660 982 2725 breviter
1003 2663 1159 2746 expositio
1180 2669 1308 2750 ponitur
1330 2666 1511 2743 distributa;

190 2787 230 2828 ex
252 2784 312 2849 qua
334 2759 514 2834 coniicitur,
536 2764 572 2822 ul
593 2763 693 2821 certas
715 2755 820 2818 auimo
843 2775 895 2818 res
917 2764 1021 2820 laneat
1043 2757 1183 2833 auditor,
1218 2759 1332 2846 quibus
1354 2761 1444 2826 dictis
1466 2761 1514 2827 iu-

188 2858 305 2942 telligat
325 2856 394 2921 lore
415 2861 607 2938 peroratum.
652 2853 738 2913 Nunc
760 2857 894 2933 utroque
917 2869 1032 2932 genere
1055 2852 1230 2935 partitionis
1249 2854 1512 2940 quemadmodum

189 2954 356 3018 conveniat
378 2949 440 3024 uti,
473 2945 610 3010 breviter
637 2943 803 3007 dicendum
832 2942 966 3007 videtur.
1010 2946 1098 3022 Quae
1120 2947 1265 3029 partitio,
1300 2952 1376 3032 quid
1397 2972 1514 3015 couve-

189 3048 254 3111 niat
275 3054 329 3111 aut
349 3044 424 3131 quid
447 3062 511 3106 nou
532 3038 712 3111 conveniat,
736 3040 888 3111 ostendit,
911 3039 989 3102 baec
1011 3037 1106 3104 debet
1126 3041 1220 3116 illud,
1246 3042 1330 3126 quod
1353 3047 1511 3118 convenit,

154 3133 340 3204 ⁵⁰iuclina're
370 3141 409 3202 ad
438 3131 512 3201 suae
541 3154 653 3199 causae
676 3135 894 3206 commodum,
927 3132 987 3197 boc
1010 3133 1121 3200 modo:
1159 3136 1356 3202 luterleotam
1379 3149 1511 3205 matrem

190 3255 260 3298 esse
283 3254 301 3296 a
323 3231 386 3297 lilio
417 3232 564 3295 contenit
594 3229 669 3292 mibi
700 3248 772 3290 cum
802 3228 998 3293 adversariis.
1041 3231 1119 3293 Item
1150 3240 1275 3296 contra:
1311 3232 1513 3299 interiectum

192 3349 260 3394 esse
283 3349 301 3392 a
324 3330 567 3414 Clytaemnestra
595 3325 864 3406 Agamemnonem
894 3324 1051 3387 convenit.
1096 3328 1175 3390 Nam
1198 3327 1249 3390 bic
1270 3334 1403 3412 uterque
1427 3336 1459 3392 et
1480 3326 1512 3393 id

191 3426 314 3505 posuit,
347 3424 432 3507 quod
462 3417 683 3491 conveniebat,
717 3424 749 3481 et
777 3422 881 3480 tamen
907 3438 982 3482 suae
1012 3438 1123 3483 causae
1149 3423 1316 3485 commodo
1342 3420 1511 3486 consuluit.

190 3516 330 3592 Deinde,
366 3518 440 3602 quid
469 3514 703 3579 coutroversiae
733 3512 789 3585 sit,
823 3514 1004 3594 ponendum
1032 3521 1080 3577 cst
1106 3513 1140 3577 iu
1166 3513 1364 3579 iudicationis
1387 3520 1515 3599 exposi-

154 3615 291 3688 ³⁵tioue;
323 3632 401 3696 quae
419 3611 682 3695 quemadmodum
704 3604 912 3681 inveniretur,
936 3607 1146 3672 antedictum
1169 3616 1226 3673 ost.
1268 3613 1321 3673 32.
1346 3610 1435 3686 Quae
1459 3630 1516 3675 uu-

191 3714 254 3771 tem
276 3705 402 3790 partitio
425 3725 529 3770 rerum
550 3705 745 3767 distributam
761 3702 901 3766 continet
916 3701 1164 3783 exposiliouem,
1189 3705 1402 3768 bacchabere
1419 3704 1513 3770 debet

191 3799 396 3876 brevitatem,
431 3797 676 3871 absolutionem,
708 3794 905 3880 puucilatem.
950 3797 1091 3860 Brevitas
1112 3804 1172 3870 est,
1198 3816 1268 3861 cum
1291 3798 1349 3862 nisi
1372 3819 1516 3863 necessu-

190 3900 272 3962 rium
294 3895 413 3961 nullum
435 3892 603 3958 assumilur
624 3893 767 3955 verbum.
813 3891 899 3953 llaec
921 3888 953 3953 iu
974 3893 1035 3955 boc
1056 3910 1171 3973 gauere
1197 3891 1316 3956 idcirco
1338 3902 1385 3958 est
1406 3893 1512 3969 utilis,

191 3995 275 4077 quod
298 3993 392 4055 rcbus
413 3989 489 4074 ipsis
511 3996 541 4050 et
562 3983 703 4070 partibus
724 4005 854 4059 causae,
891 4005 955 4048 uon
981 3984 1088 4049 verbis
1116 4005 1218 4071 neque
1239 3987 1398 4052 extraneis
1420 4007 1515 4052 orna-

153 4089 304 4153 “meutis
325 4084 447 4150 animus
469 4080 620 4147 audiloris
642 4078 792 4145 tenendus
815 4087 872 4142 est.
917 4078 1081 4143 Absolutio
1105 4090 1165 4153 est,
1190 4101 1363 4166 perquam
1386 4080 1511 4157 omnia,

191 4202 272 4269 quae
294 4178 433 4244 incidunt
454 4178 485 4242 iu
507 4196 649 4250 causam,
673 4196 807 4259 genera,
831 4177 870 4238 de
887 4174 1000 4260 quibus
1014 4173 1179 4240 dicendum
1196 4183 1260 4248 est,
1282 4176 1511 4260 amplectimur.

191 4281 225 4341 ln
248 4295 308 4363 qua
331 4273 500 4360 partitione
523 4273 690 4334 videndum
713 4279 777 4344 est,
811 4289 850 4332 ue
878 4277 931 4332 aut
953 4268 1079 4353 aliquod
1101 4290 1199 4354 genus
1221 4269 1297 4334 utile
1317 4269 1515 4355 relinquatur

190 4381 244 4435 uut
265 4392 337 4435 sero
359 4377 449 4434 extra
470 4366 685 4450 parlitiouem.
723 4365 754 4429 id
782 4361 867 4448 quod
894 4363 1128 4428 villosissimum
1151 4385 1188 4429 ao
1208 4364 1424 4450 turpissimum
1448 4372 1512 4437 est.

190 4463 354 4530 inseratur.
400 4464 540 4527 Paucitas
561 4460 593 4524 iu
616 4457 783 4544 partitione
805 4467 965 4531 servatur,
987 4459 1013 4522 si
1035 4477 1150 4542 genera
1174 4459 1241 4541 ipsa
1262 4480 1369 4523 rerum
1392 4455 1514 4543 ponun-

260 4629 285 4676 o.
307 4636 361 4677 tum
379 4628 488 4678 vaur:
509 4633 571 4675 tuoe
589 4625 621 4674 ll.
645 4647 671 4658 -
701 4630 748 4672 out
766 4634 817 4670 om.
836 4620 895 4678 Pil,
915 4621 1007 4671 bamb.
1031 4647 1058 4658 -
1088 4625 1184 4672 iterum
1203 4624 1291 4672 eodem
1307 4623 1385 4671 modo
1405 4621 1458 4671 liri.
1481 4647 1512 4658 -

190 4696 427 4748 8.acctooi›u1·.
450 4725 481 4736 -
511 4699 553 4747 20.
584 4697 674 4746 Partes
692 4696 825 4742 noscunt
843 4693 911 4741 duaa
930 4692 1015 4742 Par:
1046 4692 1111 4741 Eius
1131 4692 1387 4755 portesdooesuut
1406 4693 1461 4743 llll.
1482 4719 1511 4730 -

189 4768 234 4815 2¹.
255 4775 278 4817 ot
297 4770 508 4818 constituendum
526 4767 633 4818 Pauus
654 4771 678 4814 ot
697 4765 732 4814 od
751 4763 960 4813 constituendum
978 4763 1009 4812 E.
1031 4785 1063 4798 -
1081 4763 1125 4812 2³.
1146 4762 1296 4813 destinatur
1314 4762 1382 4812 Plu
1396 4765 1512 4824 atttque:

190 4839 354 4902 significetur
373 4841 447 4891 Letd.
468 4842 521 4902 ll.,
544 4840 699 4903 designator
716 4834 776 4892 llll,
798 4841 939 4897 utrumque
958 4846 988 4884 er
1007 4832 1084 4897 gloss.
1106 4856 1137 4870 -
1168 4832 1211 4883 38.
1224 4840 1269 4895 cst
1286 4834 1360 4883 utitis
1380 4833 1512 4885 vultur:

189 4907 262 4959 utilis
282 4913 318 4957 oct
335 4908 366 4959 li.
