3216 5400
198 220 239 285 28
696 217 750 284 DE
771 217 1018 287 INVENTIONE

281 384 333 446 22.
367 377 589 446 Benevolentia
610 384 757 462 quattuor
778 400 818 443 ex
838 377 916 443 locis
938 392 1152 464 comparatur:
1188 382 1228 444 ab
1250 389 1376 457 nostra,
1400 381 1439 448 ab
1463 381 1519 448 ad·

196 479 429 551 versariorum,
461 477 500 539 ab
529 474 667 539 iudicum
693 491 847 557 persona,
881 477 921 537 ab
949 472 1016 558 ipsa
1043 495 1147 538 causa.
1192 477 1239 539 Ab
1266 486 1393 552 nostra,
1430 483 1455 544 si
1478 482 1518 543 de

195 572 311 638 uostris
331 571 421 635 lactis
443 577 474 633 et
495 566 607 664 officiis
628 566 694 632 sine
717 569 896 651 arrogantia
917 570 1075 644 dicemus;
1099 568 1126 633 si
1147 568 1277 632 crimina
1299 572 1386 635 illata
1407 581 1439 637 et
1461 573 1518 638 ali-

196 688 273 753 quas
293 665 396 730 minus
417 665 565 727 honestas
586 661 780 747 suspiciones
801 662 930 726 iniectas
952 661 1123 739 diluemus;
1146 664 1189 737 si,
1212 685 1293 747 quae
1315 665 1518 733 incommoda

173 763 365 828 succiderint
385 766 439 823 aut
461 778 540 844 quae
561 759 677 821 instent
698 753 916 832 difficultates,
948 757 1170 838 proferemus3
1205 759 1232 821 si
1254 779 1348 840 prece
1371 769 1403 824 et
1424 763 1518 825 obse-

195 857 333 921 cratione
363 854 473 917 humili
501 873 537 916 ac
565 849 699 936 supplici
728 859 864 915 utemur.
920 853 967 914 Ab
989 848 1240 916 adversariorum
1261 860 1381 926 autem,
1404 857 1430 919 si
1461 876 1517 920 eos

194 958 249 1016 eut
279 952 313 1013 in
345 946 452 1013 odium
483 954 537 1011 aut
567 945 600 1010 in
627 943 777 1010 invidiam
804 955 857 1009 aut
886 946 920 1008 in
946 945 1209 1030 contemptionem
1232 945 1434 1012 adducemus.
1481 951 1517 1012 In

194 1045 302 1111 odium
324 1041 500 1116 ducentur,
523 1041 657 1125 siquod
680 1059 790 1104 eorum
811 1060 942 1125 spurce,
966 1044 1116 1125 superbe,
1139 1043 1327 1116 crudeliter,
1361 1042 1518 1107 malitiose

192 1139 309 1204 lactum
323 1135 523 1220 proferetur3
548 1136 581 1199 in
601 1134 770 1210 invidiam,
793 1136 819 1199 si
834 1136 881 1199 vis
896 1156 1024 1208 eorum,
1047 1133 1208 1219 potentia,
1233 1135 1377 1210 divitiae,
1401 1156 1519 1222 cogna-

154 1235 257 1310 sotio,
291 1233 443 1318 pecuniae
470 1226 672 1314 proferentur
697 1238 790 1314 atque
818 1249 928 1294 eorum
957 1250 1033 1301 usus
1062 1249 1214 1313 arrogans
1237 1239 1270 1294 et
1290 1229 1514 1309 intolerabilis,

193 1335 229 1393 ut
249 1325 297 1391 bis
318 1329 414 1391 rebus
436 1322 535 1408 magis
556 1321 722 1389 videantur
742 1344 836 1410 quam
863 1342 975 1388 causae
1006 1344 1080 1388 suae
1111 1321 1297 1402 confideres
1322 1328 1356 1389 in
1378 1336 1519 1391 contem-

192 1423 333 1508 ptionem
356 1421 565 1494 adducentur,
587 1420 614 1482 si
636 1438 746 1482 eorum
767 1420 898 1494 inertia,
921 1418 1130 1502 negligentia,
1156 1420 1293 1502 ignavia,
1323 1420 1518 1487 desidiosum

193 1518 329 1581 studium
359 1523 391 1580 et
418 1513 615 1579 luxuriosum
637 1514 736 1577 otium
756 1513 947 1598 proferetur.
989 1510 1038 1576 Ab
1059 1515 1240 1579 auditorum
1262 1533 1398 1600 persona
1419 1518 1518 1580 bene·

192 1609 331 1677 volentia
351 1610 543 1695 captabitur,
578 1607 606 1672 si
632 1629 683 1671 res
712 1609 751 1671 ab
773 1608 823 1670 bis
844 1605 982 1682 sortiter,
1016 1606 1190 1691 sapienter,
1225 1618 1387 1674 mansuete
1410 1618 1517 1694 gestae

155 1729 183 1770 as
192 1706 411 1790 proferentur,
435 1711 471 1768 ut
491 1725 531 1766 ne
552 1722 614 1788 qua
635 1703 803 1766 assentatio
826 1700 1155 1786 nimiansignilicetun
1179 1710 1211 1766 et
1234 1705 1261 1766 si
1276 1705 1316 1768 do
1330 1702 1397 1780 bis,
1422 1726 1518 1790 qnam

192 1801 325 1862 honesta
356 1795 546 1862 existimatio
578 1807 755 1882 quantaque
782 1815 892 1861 eorum
918 1795 1025 1861 iudicii
1054 1805 1085 1860 et
1107 1795 1300 1862 auctoritatis
1322 1800 1516 1881 exspectatio

192 1891 251 1965 sit,
275 1894 478 1969 ostendetur;
501 1893 542 1955 ab
563 1892 640 1976 ipsis
661 1888 773 1965 rebus,
797 1891 823 1953 si
845 1897 982 1955 nostram
1000 1910 1125 1955 causam
1140 1889 1297 1957 laudando
1312 1895 1513 1968 extollemus,

191 1983 443 2051 adversariorum
477 2006 602 2050 causam
634 2006 692 2067 per
723 1984 987 2070 contemptionem
1020 1985 1243 2071 deprimemus.
1288 1990 1341 2051 23.
1371 1990 1516 2053 Attentos

191 2088 297 2145 autem
318 2079 486 2156 faciemus,
519 2080 545 2145 si
567 2080 851 2144 demonstrabimus
877 2099 933 2154 ea,
967 2099 1047 2164 quae
1076 2081 1190 2144 dicturi
1216 2082 1356 2156 erimus,
1391 2102 1516 2167 magna,

153 2196 290 2253 sonora,
312 2174 506 2240 incredibilia
528 2195 620 2249 esse,
644 2180 698 2238 ant
718 2171 757 2238 a‘d
780 2194 889 2237 omnes
910 2181 964 2237 aut
985 2172 1024 2236 ad
1047 2193 1123 2250 eos,
1147 2177 1202 2259 qui
1224 2178 1370 2251 audient,
1401 2181 1516 2242 autad

192 2271 314 2356 aliquos
342 2269 478 2335 illustres
506 2269 650 2334 homines
679 2275 732 2331 aut
759 2269 799 2331 ad
820 2265 897 2332 deos
919 2269 1112 2333 immortales
1135 2277 1189 2332 aut
1211 2268 1250 2335 ad
1272 2291 1425 2336 summam
1447 2294 1517 2336 rem

186 2362 347 2449 publicam
368 2365 550 2450 pertinere;
586 2371 618 2427 et
650 2363 676 2426 si
706 2360 925 2447 pollicebimur
952 2382 1010 2427 nos
1043 2364 1132 2427 brevi
1153 2371 1293 2429 nostram
1314 2385 1440 2431 causam
1463 2364 1518 2431 de·

190 2466 420 2522 monstraturos
441 2467 536 2542 atque
558 2476 751 2541 exponemus
780 2457 1003 2521 iudicationem
1025 2464 1078 2520 aut
1099 2457 1324 2535 iudicationes,
1360 2459 1387 2523 si
1409 2459 1516 2545 plures

192 2561 295 2617 erunt.
339 2551 465 2617 Dociles
487 2550 647 2616 auditores
668 2551 843 2626 iaciemus,
874 2552 900 2613 si
921 2558 1029 2634 aperte
1053 2559 1084 2614 et
1106 2551 1244 2617 breviter
1266 2574 1420 2618 summam
1443 2576 1517 2619 cau-

154 2666 244 2712 essae
266 2667 481 2729 exponemus,
515 2649 578 2710 hoc
600 2653 667 2721 est,
701 2645 733 2709 in
756 2666 819 2730 quo
842 2644 992 2709 consistat
1013 2648 1239 2711 controversia.
1292 2651 1369 2713 Nam
1391 2659 1423 2714 et
1445 2671 1516 2713 cum

191 2743 325 2808 docilem
346 2740 425 2807 velis
447 2742 569 2816 lacere,
593 2739 685 2805 simul
706 2747 858 2804 attentum
878 2738 974 2804 facias
988 2749 1125 2823 oportet.
1171 2744 1248 2806 Nam
1270 2742 1297 2806 is
1318 2750 1366 2806 est
1380 2745 1516 2808 maxime

192 2834 320 2910 docilis,
344 2837 398 2921 qui
419 2836 622 2901 attentissime
644 2841 691 2898 est
711 2810 845 2918 paratu?
859 2837 979 2900 audire.

277 2932 375 2998 XVlL
410 2934 498 2995 Nunc
519 2929 744 2994 insinuationes
767 2932 1033 3012 quemadmodum
1061 2929 1186 2994 tractari
1213 2929 1398 3021 conveniat,
1428 2933 1518 2996 dein-

192 3048 266 3114 ceps
289 3024 454 3093 dicendum
477 3027 612 3091 videtur.
657 3024 870 3088 Insinuatione
886 3023 981 3107 igitur
995 3023 1145 3090 utendum
1160 3033 1223 3099 est,
1246 3046 1317 3089 curn
1332 3025 1517 3091 admirabile

155 3145 183 3189 ao
193 3143 291 3207 genus
312 3141 424 3186 causae
447 3126 513 3192 est,
543 3122 604 3182 boc
626 3125 687 3192 est,
718 3124 753 3180 nt
774 3126 845 3182 ante
868 3116 1024 3194 diximus,
1057 3140 1128 3185 cum
1152 3121 1274 3184 animus
1295 3118 1450 3184 auditoris
1470 3120 1519 3184 in·

192 3216 289 3282 lestus
322 3223 379 3281 est.
435 3212 471 3279 ld
492 3219 597 3278 autem
617 3213 718 3276 tribus
738 3232 777 3276 ex
799 3215 900 3278 causis
922 3211 956 3278 fit
977 3213 1135 3279 maxime:
1171 3215 1197 3278 si
1219 3222 1272 3279 eut
1292 3213 1374 3280 inest
1394 3216 1427 3279 in
1448 3213 1518 3297 ipsa

194 3331 286 3376 causa
308 3313 462 3395 quaedam
483 3304 666 3390 turpitudo,
695 3316 748 3372 aut
769 3304 809 3371 ab
830 3306 888 3382 iis,
911 3309 965 3393 qui
987 3317 1059 3374 ante
1081 3307 1244 3385 dixerunt,
1279 3307 1342 3373 iam
1368 3307 1518 3395 quiddam

193 3404 330 3471 auditori
349 3423 533 3491 persuasum
555 3400 700 3478 videtur,
735 3409 790 3465 aut
810 3421 848 3466 eo
871 3412 1013 3488 tempore
1041 3405 1130 3468 locus
1152 3405 1276 3468 dicendi
1297 3405 1408 3478 datur,
1445 3423 1518 3467 oum

192 3501 255 3564 iam
285 3499 352 3571 illi,
386 3519 465 3582 quos
494 3498 604 3561 andire
632 3503 777 3578 oportet,
811 3495 924 3561 defessi
952 3505 1025 3562 sunt
1058 3496 1226 3563 audiendo.
1271 3500 1350 3561 Nam
1383 3517 1425 3561 ex
1457 3498 1518 3561 bac

157 3613 321 3681 aequoque
350 3612 385 3656 re
413 3612 477 3656 non
508 3592 609 3655 minus
638 3611 731 3676 quam
753 3611 792 3655 ex
813 3590 923 3674 primis
944 3589 1066 3656 duabus
1088 3591 1120 3656 in
1143 3601 1268 3658 oratore
1290 3611 1517 3677 nonnunquam

193 3688 316 3754 animus
345 3686 496 3751 auditoris
528 3685 709 3754 offenditur.
753 3685 806 3749 at.
840 3687 872 3750 Si
900 3706 1012 3751 causae
1040 3685 1201 3770 turpitudo
1230 3687 1395 3752 contrahet
1416 3689 1519 3751 otien-

194 3781 336 3856 sionem,
369 3787 423 3844 aut
445 3801 503 3862 pro
527 3801 565 3844 eo
587 3780 732 3858 bomine,
766 3781 884 3864 inquo
906 3780 1093 3853 offenditur,
1126 3782 1223 3845 alium
1243 3781 1429 3856 bominem,
1463 3781 1518 3866 qui

194 3875 350 3961 diligitur,
373 3873 531 3957 interponi
554 3884 697 3958 oportet;
720 3883 774 3941 aut
794 3896 852 3962 pro
875 3899 930 3951 re,
959 3879 993 3942 in
1014 3897 1077 3961 qua
1098 3874 1285 3952 ollenditur,
1319 3874 1411 3940 aliam
1434 3895 1515 3950 rem,

193 3989 274 4056 qnae
295 3972 467 4051 probatur;
501 3979 555 4033 aut
581 3989 639 4055 pro
669 3991 705 4036 re
731 3972 889 4035 bominem
917 3981 971 4035 aut
990 3990 1049 4057 pro
1072 3969 1198 4036 bomine
1220 3994 1309 4047 rem,
1340 3978 1375 4036 ut
1397 3973 1437 4034 ab
1460 3990 1512 4046 eo,

155 4067 279 4152 eoquod
301 4063 389 4139 odit,
413 4064 453 4126 ad
475 4062 530 4139 id,
561 4063 646 4148 quod
668 4064 786 4149 diligit,
817 4066 968 4129 auditoris
989 4068 1112 4130 animus
1134 4069 1332 4142 traducatur3
1370 4073 1402 4130 et
1424 4067 1517 4130 dissi-

192 4160 313 4225 mulare
335 4160 367 4222 id
389 4166 419 4222 te
449 4159 671 4235 defensurum,
706 4162 791 4244 quod
820 4162 1009 4225 existimeris
1037 4159 1242 4239 defensurum
1278 4161 1411 4236 deinde,
1445 4180 1517 4224 cum

263 4324 291 4373 2.
310 4336 328 4372 e
347 4321 508 4383 coucotpse
526 4320 564 4376 ll.
595 4335 612 4369 a
630 4322 807 4372 cousaPAT.
838 4320 882 4387 (Ut
899 4335 965 4383 nos,
993 4320 1038 4386 V.)
1068 4348 1099 4361 -
1130 4332 1225 4375 nostro
1246 4323 1420 4388 personali,
1453 4325 1517 4373 ltem

192 4393 286 4449 bamb,
308 4399 335 4444 et
354 4393 434 4450 Scb.,
455 4400 568 4453 uterque
586 4403 633 4440 sue
653 4406 683 4443 ex
703 4396 771 4443 cont.
802 4418 831 4429 -
863 4392 890 4441 t.
915 4394 1166 4456 sumtcottoncsll,
1196 4395 1268 4454 list..
1297 4409 1349 4458 quo
1369 4406 1459 4446 errore
1479 4400 1518 4442 tn·

195 4464 288 4514 ductus
309 4462 436 4514 Greevlus
455 4461 648 4513 commendevlt
665 4465 871 4526 suspectatione
881 4478 891 4523 ,·
910 4476 1032 4515 neutrum
1052 4474 1092 4516 est
1109 4466 1242 4517 Latinum.
1257 4465 1310 4516 Oe.
1325 4491 1357 4501 --
1376 4465 1403 4516 8.
1421 4465 1518 4515 duceu-

167 4540 238 4595 ι,των
255 4533 349 4584 Palt'r
367 4537 501 4597 eetertque
521 4532 579 4583 ltbrl
600 4537 675 4582 nott:
707 4535 873 4584 adducentur
892 4547 953 4585 cum
974 4536 1050 4586 lunt·
1069 4541 1097 4588 et
1113 4536 1206 4588 bamb.
1228 4537 1256 4586 s.
1276 4562 1311 4571 —
1341 4536 1385 4586 13.
1411 4537 1518 4586 audito·

194 4601 263 4667 nm]
283 4605 400 4655 iudicum
426 4604 480 4654 Eri.
499 4603 594 4654 llutsb.
615 4603 709 4655 Graec.
730 4604 792 4654 Scb.
824 4604 989 4666 (Nostrorum
1009 4608 1105 4658 nullus.
1152 4609 1200 4659 Est
1218 4614 1308 4657 eutem
1328 4608 1516 4668 lnterpolatum

194 4688 225 4724 er
243 4675 387 4726 Victorino.
408 4672 472 4737 On.)
493 4699 522 4710 -
542 4675 586 4724 20.
606 4675 712 4724 nudum
731 4674 840 4724 PART:
859 4678 973 4726 audiunt
992 4677 1023 4726 E.
1044 4703 1077 4714 -
1095 4678 1139 4728 21.
1160 4678 1337 4740 reipublicae
1355 4677 1432 4726 ΡΑΤ.
1451 4677 1516 4741 (oon

189 4743 266 4805 ΙἮί.)
285 4770 316 4781 -
335 4746 379 4796 25.
398 4744 466 4796 Nom
485 4758 538 4795 om.
558 4744 604 4796 ΔΤ
625 4753 651 4796 et
669 4757 736 4794 corr.
756 4745 786 4796 P.
814 4745 888 4808 (nom
905 4754 929 4798 et
948 4748 1056 4799 docitem
1079 4760 1119 4810 pr.
1139 4745 1182 4812 P.)
1212 4771 1244 4784 -·
1272 4747 1315 4797 26.
1341 4752 1377 4797 est
1401 4751 1517 4801 mommo

194 4814 287 4865 docilis
306 4814 387 4864 ΡΑΤε
407 4817 521 4866 maxime
538 4816 630 4866 ancon
649 4823 685 4865 est
704 4816 761 4867 llll.
785 4841 812 4854 -
832 4817 875 4868 at.
893 4817 944 4880 ott]
964 4819 987 4870 et
999 4818 1056 4869 ΑΤ.
1071 4843 1101 4857 -
1121 4819 1165 4870 ³5.
1185 4823 1317 4870 oratorem
1336 4818 1383 4868 ΛΤ
1402 4827 1429 4872 et
1448 4833 1514 4874 corr.
