3232 5392
161 228 223 292 :too
688 219 741 284 ΒΕ
762 210 955 284 ὈιιΑΤΟΙιΕ

160 385 367 472 argumentis,
399 387 433 449 in
461 403 499 448 eo
527 387 665 445 mentem
686 378 924 465 orationemque
946 375 1063 464 deligit.
1110 374 1266 464 Sulpicius
1288 385 1396 446 sutem
1416 382 1482 446 for-

160 482 281 547 tissimo
304 482 441 566 quodam
462 474 557 540 animi
577 477 711 560 impetu.
734 473 914 560 plenissima
935 484 966 541 et
986 475 1123 539 maxima
1144 492 1240 550 voce,
1263 493 1387 539 summa
1408 494 1484 541 oon·

161 577 299 641 tentione
321 571 463 659 corporis
485 577 517 634 et
538 568 687 654 dignitate
708 576 829 643 motus,
862 572 1035 635 verborum
1062 589 1189 655 quoque
1218 587 1255 632 ea
1277 571 1428 653 gravitate
1450 575 1483 633 et

162 668 255 753 copia
276 675 337 742 est,
375 674 409 731 ut
429 684 510 728 unus
537 664 577 727 ad
599 660 766 728 dicendum
787 661 1044 729 instructissimus
1065 682 1084 726 a
1105 669 1216 727 natura
1238 683 1307 728 esse
1329 666 1483 730 rideatur.

140 766 217 829 le.
250 766 300 828 ³2.
332 758 380 826 Ad
413 765 537 824 nosmet
569 755 656 841 ipsos
682 757 745 821 iam
774 766 931 833 revertor,
969 759 1117 846 quoniam
1146 760 1191 822 sio
1218 756 1334 823 fuimus
1360 778 1488 844 semper

162 858 350 942 comparati,
383 862 419 920 ut
444 851 608 917 hominum
634 849 833 916 sermonibus
860 851 950 938 quasi
970 853 1003 917 in
1024 848 1153 938 aliquod
1174 852 1384 918 contentionis
1404 851 1488 916 iudi·

162 953 246 1016 cium
268 967 473 1015 vocaremur:
495 943 571 1032 quid
592 954 656 1011 tam
678 944 828 1011 dissimile
850 967 942 1031 quam
966 966 1026 1031 ego
1047 946 1079 1011 in
1102 945 1237 1012 dicendo
1259 954 1290 1011 et
1310 947 1486 1012 Antonius?

162 1066 234 1111 cnm
255 1042 338 1108 ille
330 1063 356 1108 rs
378 1040 418 1107 sit
439 1049 563 1114 orator,
590 1048 625 1103 ιιι
649 1038 726 1104 nihil
748 1060 788 1105 eo
809 1043 908 1126 possit
929 1061 998 1105 esse
1019 1040 1248 1126 praestantius3
1283 1060 1344 1125 ego
1367 1050 1485 1117 autenm

163 1157 350 1249 quamquam
372 1143 488 1200 memet
509 1135 571 1198 mei
585 1133 741 1220 poenitet,
764 1155 834 1200 cum
857 1138 917 1201 hoc
931 1134 1068 1200 maxime
1082 1139 1210 1200 tamen
1202 1156 1234 1199 ιιι
1249 1136 1486 1217 comparatione

123 1232 347 1316 steoniungar.
402 1229 574 1302 Videtisne,
606 1247 704 1312 genus
727 1231 789 1293 hoe
811 1233 895 1315 quod
917 1232 958 1294 sit
979 1229 1132 1295 Antonii?
1150 1212 1267 1304 forte,
1300 1231 1484 1314 vehemens,

164 1334 355 1393 commotum
375 1325 407 1388 in
429 1325 569 1407 agendo,
604 1325 834 1406 praemunitum
864 1332 896 1389 et
918 1347 957 1389 ex
979 1323 1066 1390 omni
1088 1330 1175 1409 parte
1196 1342 1307 1388 causae
1329 1333 1484 1408 saeptum,

163 1441 250 1496 acre,
284 1427 428 1495 acutum,
465 1415 677 1491 enucleatum,
724 1417 757 1482 in
786 1440 848 1483 una
887 1439 1012 1505 quaque
1038 1437 1074 1482 re
1104 1435 1319 1493 commorans,
1352 1420 1486 1482 honeste

163 1517 294 1590 cedens,
318 1512 431 1578 acriter
453 1513 638 1597 insequens,
662 1519 803 1586 terrens,
834 1515 1029 1599 supplicans,
1061 1531 1182 1577 summa
1208 1510 1360 1577 orationis
1385 1514 1486 1577 verie-

163 1617 242 1684 tate,
278 1606 363 1672 nulla
384 1615 562 1672 nostrarum
584 1605 708 1671 aurium
731 1605 881 1671 satietate.
927 1611 979 1672 33.
1010 1611 1073 1672 Νοι
1094 1617 1217 1681 autem,
1252 1609 1432 1693 quicunque
1454 1605 1487 1669 in

124 1703 296 1768 stdicendo
317 1720 442 1774 sumus,
476 1700 623 1785 quoniam
652 1719 721 1763 esse
749 1703 854 1788 aliquo
878 1703 909 1767 in
931 1722 1064 1767 numero
1086 1702 1178 1765 vohis
1200 1698 1361 1775 videmur,
1398 1706 1485 1764 certe

164 1806 267 1862 temen
289 1796 327 1859 ab
348 1793 441 1858 huius
462 1792 592 1858 multum
615 1813 732 1877 genere
754 1797 919 1874 distamus;
944 1798 1029 1881 qnod
1045 1794 1137 1881 quale
1153 1795 1208 1867 ιιι,
1232 1815 1295 1858 non
1320 1801 1367 1858 est
1380 1813 1486 1858 meum

163 1890 283 1962 dicere,
305 1896 473 1973 propterea
494 1885 578 1971 quod
600 1886 728 1951 minime
750 1887 809 1953 sibi
831 1889 964 1976 quisque
986 1898 1078 1954 notus
1102 1896 1149 1953 est
1171 1895 1202 1952 et
1231 1885 1413 1953 difficillime
1447 1887 1487 1953 de

163 2002 197 2046 se
219 1984 350 2068 quisque
372 1981 482 2058 sentit;
520 1979 575 2047 sed
603 1989 706 2045 tamen
729 1984 950 2049 dissimilitudo
976 1981 1108 2067 intelligi
1135 1989 1239 2068 potest
1264 1990 1296 2046 et
1317 2004 1358 2047 ex
1378 1992 1484 2048 motus

163 2075 226 2139 mei
246 2074 461 2141 mediocritate
483 2084 574 2141 etex
596 2096 655 2152 eo,
678 2075 781 2162 quod,
805 2075 917 2164 quibus
939 2077 1078 2160 vestigiis
1099 2077 1235 2159 primum
1257 2075 1368 2150 institi,
1391 2079 1424 2140 in
1446 2077 1486 2142 iis

125 2167 230 2233 eslere
263 2168 349 2234 soleo
378 2191 529 2255 perorare
561 2179 593 2235 et
620 2170 708 2256 quod
740 2170 900 2257 aliquanto
928 2192 979 2236 me
1009 2172 1112 2234 maior
1139 2171 1172 2234 in
1192 2166 1300 2235 verbis
1324 2167 1429 2256 [quam
1454 2174 1487 2235 in

163 2261 335 2346 sententiis]
359 2266 513 2348 eligendis
535 2263 676 2330 laboret
698 2286 772 2330 eura
794 2275 922 2353 torquet
946 2272 1124 2341 verentem,
1158 2286 1215 2338 ne,
1250 2266 1278 2329 si
1298 2265 1407 2349 paullo
1430 2269 1488 2331 oh-

163 2357 294 2421 soletior
307 2355 402 2422 luerit
416 2360 537 2434 oratio,
561 2379 624 2424 non
646 2356 740 2444 digna
760 2360 993 2447 exspectatione
1016 2368 1047 2424 et
1068 2358 1193 2425 silentio
1215 2360 1314 2426 fuisse
1327 2360 1482 2426 videatur.

163 2454 214 2514 34.
238 2451 357 2528 Quodsi
383 2454 415 2516 in
437 2452 547 2526 nobis,
580 2455 633 2539 qui
656 2455 818 2528 adsumus,
851 2463 953 2519 tantae
979 2453 1262 2528 dissimilitudines,
1295 2462 1359 2517 tam
1381 2463 1486 2519 certae

164 2567 215 2610 res
235 2545 385 2634 cuiusque
407 2546 555 2633 propriae
577 2555 608 2610 et
629 2549 661 2611 in
683 2567 720 2613 ea
742 2548 894 2614 varietate
915 2547 981 2614 lere
1003 2549 1114 2614 melius
1128 2569 1146 2613 a
1162 2546 1319 2613 deteriore
1340 2547 1486 2614 facultate

127 2656 155 2698 st
165 2640 264 2725 magis
286 2662 378 2727 quam
402 2662 518 2727 genere
534 2640 733 2726 distinguitur
746 2650 840 2729 atque
856 2664 951 2708 omne
962 2642 1125 2718 laudatur,
1149 2645 1234 2730 quod
1248 2643 1280 2706 in
1296 2664 1354 2708 suo
1369 2665 1486 2727 genere

165 2732 340 2821 perlectum
361 2746 432 2802 est:
468 2735 541 2824 quid
565 2736 711 2809 censetis,
747 2738 773 2802 si
796 2756 922 2813 omnes,
960 2739 1013 2824 qui
1040 2735 1159 2824 ubique
1187 2744 1259 2800 sunt
1278 2745 1340 2802 cut
1360 2737 1487 2803 luerunt

165 2836 323 2901 oratores,
346 2830 493 2914 amplecti
514 2830 734 2895 voluerimus?
763 2851 868 2895 nonne
890 2833 972 2906 lore,
995 2839 1046 2906 ut,
1071 2838 1149 2917 quot
1170 2838 1331 2907 oratores,
1355 2830 1497 2897 totidem·

163 2944 264 3008 paene
295 2927 492 3010 reperiantur
523 2945 639 3010 genera
669 2926 815 2988 dicendi‘l
850 2928 898 2988 Ex
926 2945 988 3009 qna
1020 2945 1091 2988 mea
1120 2924 1328 3009 disputatione
1356 2926 1487 2990 forsitan

164 3027 308 3083 occurrat
339 3017 436 3093 illud,
473 3019 499 3083 si
534 3040 635 3101 paene
665 3021 908 3084 innumerabiles
941 3022 1002 3084 sint
1033 3022 1122 3104 quasi
1154 3019 1275 3085 formae
1304 3019 1486 3105 figuraeque

126 3138 154 3179 ιο
165 3114 304 3187 dicendi,
334 3112 438 3197 specie
461 3115 619 3198 dispares,
648 3134 763 3197 genere
783 3112 972 3189 laudabiles,
1008 3136 1071 3179 non
1093 3136 1187 3198 posse
1210 3134 1264 3190 ea,
1303 3135 1382 3200 quae
1405 3117 1487 3179 inter

164 3226 197 3269 se
226 3207 423 3288 discrepant,
459 3209 571 3272 iisdem
601 3209 774 3293 praeceptis
807 3216 901 3293 atque
930 3229 991 3273 una
1018 3209 1213 3273 institutione
1246 3206 1387 3276 formari.
1432 3211 1484 3272 35.

164 3297 257 3376 Quod
278 3320 342 3363 non
365 3311 412 3366 est
432 3303 492 3377 ita,
529 3301 830 3389 diligentissimeque
852 3301 912 3368 hoe
935 3310 982 3366 est
1005 3305 1067 3377 eis,
1098 3302 1150 3389 qui
1173 3304 1337 3367 instituunt
1359 3302 1484 3389 aliquos

162 3403 256 3480 atque
279 3398 446 3472 erudiunt,
475 3395 665 3473 videndum,
695 3418 758 3480 quo
781 3418 836 3461 sua
860 3418 1017 3483 quemque
1039 3402 1149 3461 natura
1172 3398 1307 3461 maxime
1330 3396 1416 3461 serre
1441 3399 1485 3460 vi-

162 3486 283 3553 deatur.
329 3493 450 3555 Etenim
473 3493 615 3557 ridemus
637 3512 675 3556 ex
698 3491 810 3556 eodem
833 3495 922 3577 quasi
943 3491 1017 3557 ludo
1040 3511 1232 3557 summorum
1254 3493 1287 3556 in
1310 3513 1366 3557 suo
1383 3493 1488 3573 cuius-

125 3604 224 3669 ssque
246 3604 361 3668 genere
382 3584 537 3653 artificum
559 3594 591 3650 et
612 3586 830 3671 magistrorum
852 3587 953 3651 exisse
976 3584 1147 3671 discipulos
1169 3585 1335 3651 dissimiles
1354 3585 1436 3650 inter
1451 3607 1486 3650 se

163 3699 198 3742 ae
213 3687 318 3742 tamen
331 3679 519 3755 laudandos,
543 3683 667 3745 eumad
689 3681 839 3767 cuiusque
863 3691 1004 3745 naturam
1026 3680 1180 3744 institutio
1205 3682 1342 3745 doctoris
1364 3701 1488 3746 accom-

163 3775 355 3838 modaretur.
406 3777 456 3838 36.
489 3772 584 3839 Cuius
618 3784 667 3839 est
696 3776 748 3840 vel
781 3776 917 3839 maxime
949 3774 1073 3858 insigne
1105 3774 1183 3839 illud
1216 3775 1414 3860 exemplum,
1452 3781 1488 3840 ut

163 3877 283 3932 ceteras
306 3878 390 3933 artes
413 3871 607 3946 omittamus,
643 3870 729 3956 quod
751 3868 876 3934 dicebat
897 3873 1066 3945 Isocrates,
1102 3869 1213 3935 doctor
1234 3868 1418 3952 singularis,
1452 3891 1487 3933 se

163 3960 334 4028 calcaribus
363 3965 396 4027 in
425 3965 574 4049 Ephoro,
611 3972 719 4029 eontra
750 3973 855 4030 autem
882 3966 915 4028 in
943 3969 1149 4050 Theopompo
1181 3963 1279 4029 frenis
1301 3963 1347 4028 uti
1370 3962 1484 4028 solere.

124 4055 300 4121 sollterum
324 4058 406 4121 enim
430 4061 637 4123 exsultantem
658 4063 830 4125 verborum
852 4061 981 4124 audacia
1005 4060 1213 4141 reprimebat.
1247 4060 1380 4122 alterum
1411 4078 1487 4121 cun-

162 4158 297 4214 ctantem
329 4160 361 4215 et
392 4152 481 4238 quasi
512 4157 774 4218 verecundantem
806 4150 963 4218 incitabat.
1007 4156 1115 4238 Neque
1149 4171 1203 4218 eos
1232 4150 1349 4216 similes
1380 4150 1484 4217 effecit

161 4246 245 4310 inter
266 4267 316 4320 se,
339 4245 395 4311 sed
416 4255 535 4312 tantum
558 4249 646 4312 alteri
669 4246 805 4321 affinxit,
831 4248 871 4311 de
892 4245 991 4312 altero
1013 4246 1149 4335 limavit,.
1168 4255 1202 4310 ut
1215 4247 1248 4309 id
1267 4243 1483 4311 conformaret

234 4459 277 4508 ιι.
298 4455 332 4520 ιι]
352 4466 431 4523 utqcs
450 4459 480 4508 li.
503 4484 532 4496 ·-
554 4460 596 4509 ts.
616 4460 656 4509 lis
670 4460 724 4510 lili.
742 4485 772 4496 -
790 4458 833 4507 20.
854 4456 902 4508 Vs.
917 4473 998 4522 quum
1015 4461 1046 4509 in
1063 4459 1197 4510 sententiis
1219 4457 1316 4510 delestt
1334 4457 1485 4508 Schomtue.

162 4528 217 4578 Nos
237 4528 411 4580 seclusimus:
445 4536 468 4577 ιι
485 4531 514 4578 in
530 4531 668 4581 sententiis
686 4530 810 4595 eligendis
829 4540 988 4592 quemquem
1007 4543 1065 4580 enm
1087 4529 1163 4578 labor
1181 4528 1217 4586 ιι,
1247 4536 1271 4579 ιι
1297 4529 1327 4578 in
1351 4532 1487 4580 sententiis

164 4599 289 4661 eligendis
307 4613 389 4662 quum
406 4600 548 4650 Antonium
567 4601 642 4650 labor
659 4601 691 4651 ιι.
720 4624 751 4636 -
779 4601 824 4649 33.
848 4600 952 4649 silentio
971 4605 996 4650 ιι
1013 4601 1205 4664 exspectatione
1222 4600 1255 4649 n.
1284 4625 1315 4635 -
1345 4599 1390 4650 ιι.
1420 4599 1486 4665 sum]

164 4682 245 4718 consu
263 4670 327 4730 (ete)
346 4672 378 4718 ιι.
397 4693 428 4707 -
446 4671 491 4720 33.
510 4668 579 4734 meu]
599 4673 629 4720 in
645 4685 677 4722 eu
695 4671 725 4720 Β.
749 4696 777 4707 -
798 4670 842 4721 31.
862 4684 917 4721 unu
936 4669 1020 4721 Codd.
1041 4673 1093 4721 at:
1112 4673 1141 4720 tn
1158 4683 1214 4719 uno
1233 4669 1310 4719 BRE.
1333 4696 1362 4708 -
1383 4671 1489 4722 institu-

165 4735 244 4800 tione]
264 4740 439 4801 dispntots'one
465 4740 496 4790 lt.
526 4764 559 4776 -
589 4741 632 4792 so.
656 4756 688 4793 oc
712 4748 799 4792 tumen
823 4752 882 4789 cum
900 4741 1014 4794 Mttttero
1033 4741 1105 4793 edtdt
1124 4743 1202 4791 ettam
1223 4741 1295 4800 prius
1316 4751 1346 4791 er
1365 4739 1413 4791 Or.
1434 4756 1488 4792 uno

167 4816 193 4858 et
212 4807 350 4860 Goerenztt
371 4810 436 4860 Cod.
447 4807 492 4875 (ι),
520 4813 583 4861 ttern
602 4811 645 4863 Τι
665 4818 782 4863 cstcsnen
801 4811 880 4860 llllli.
904 4836 933 4849 -
953 4812 997 4863 33.
1018 4814 1126 4864 inante
1144 4812 1251 4874 Ephoro
1270 4823 1324 4861 om.
1337 4809 1369 4860 B.
1389 4836 1424 4846 -
1441 4813 1487 4864 lt).

165 4884 315 4930 contentens
333 4879 367 4931 tr.
388 4906 417 4920 -
436 4882 483 4937 st.
502 4878 563 4943 {seit
578 4880 611 4934 li.
631 4905 661 4922 -
678 4882 722 4935 ts.
742 4883 909 4948 eonfinnorst
926 4882 981 4936 titt.
