3232 5392
589 223 666 293 ΠΒ.
687 223 743 291 ΠΙ.
785 224 819 291 C.
840 225 870 289 6.
893 226 925 293 7.
948 226 980 291 8.
1384 227 1447 290 aaa

126 401 243 468 genere
269 399 323 448 res
348 380 528 467 complures
555 382 722 450 dissimiles
748 382 832 450 inter
858 406 909 463 se,
944 406 1023 472 qnae
1047 392 1150 451 tamen
1172 383 1330 451 consimili
1353 384 1446 452 lande

126 479 306 564 dignentur.
350 481 429 543 Nam
462 487 494 543 et
514 480 643 544 auribus
664 481 764 545 multa
784 480 994 567 percipimus,
1025 501 1122 566 quae,
1157 479 1215 546 etsi
1235 501 1295 544 nos
1316 479 1447 547 vocibus

126 571 296 648 delectant,
330 579 435 638 umen
461 571 504 637 ita
532 582 607 637 sunt
628 575 713 639 varia
735 594 848 659 saepe,
880 582 916 638 ut
936 572 983 648 id,
1017 578 1102 660 quod
1124 575 1302 661 proximum
1325 575 1445 650 audias,

126 667 383 735 iucundissimum
406 685 476 732 esso
496 668 660 746 viduatum
695 676 727 732 et
747 669 847 732 oculis
869 667 1059 753 colliguntur
1080 688 1181 753 paene
1203 668 1448 734 innumerabiles

126 765 325 849 voluptates,
352 780 432 846 quae
453 778 511 825 nos
533 761 577 824 ita
599 760 743 845 capiunt,
770 768 806 826 ut
827 782 923 826 unum
946 782 1072 828 sensum
1093 762 1234 828 dissimili
1257 782 1372 847 genere
1394 763 1472 826 des

125 861 258 935 lectent;
294 864 325 922 et
345 857 485 940 reliquos
506 874 616 921 sensus
637 855 812 940 voluptates
835 855 994 922 oblectant
1015 856 1171 941 dispares,
1204 864 1240 923 ut
1260 856 1300 922 sit
1319 853 1448 922 difficile

126 951 277 1019 iudicium
299 948 481 1016 excellentis
502 952 638 1016 maxime
659 953 830 1017 suavitatis.
875 956 929 1017 26.
958 954 999 1016 At
1018 954 1079 1018 hoe
1100 951 1203 1025 idem,
1238 952 1324 1038 quod
1345 956 1393 1015 est
1414 948 1449 1015 iu

126 1049 247 1112 naturis
267 1065 394 1119 rerum,
427 1042 589 1110 transferri
611 1053 715 1131 potest
736 1045 891 1111 etiamad
912 1053 1007 1110 artes.
1063 1047 1128 1112 Una
1151 1044 1291 1131 fingendi
1313 1052 1362 1110 est
1383 1064 1448 1120 ars,

125 1141 160 1208 iu
181 1162 243 1227 qua
264 1145 459 1225 praestantes
478 1137 606 1206 fuerunt
625 1142 735 1224 Myro,
756 1139 939 1226 Polyclitus,
963 1141 1136 1226 Lysippum
1159 1141 1214 1227 qui
1237 1158 1347 1206 omnes
1367 1139 1451 1204 inter

127 1258 162 1303 se
183 1234 351 1303 dissimiles
372 1232 522 1311 fuerunt,
557 1236 679 1300 sedita
700 1244 821 1311 umen,
856 1243 891 1299 ut
919 1233 1079 1298 neminem
1099 1233 1148 1299 sui
1169 1235 1248 1300 velis
1270 1255 1339 1300 esso
1362 1233 1491 1299 dissi-so

127 1331 246 1396 milem.
291 1331 356 1394 Una
385 1337 434 1394 est
461 1348 513 1393 ars
540 1328 683 1414 ratioque
712 1329 872 1416 picturae,
905 1324 1166 1411 dissimillimique
1187 1337 1292 1393 tamen
1313 1329 1396 1393 inter
1416 1347 1452 1394 se

127 1426 258 1501 Zeuxis,
279 1421 482 1509 Aglaophon,
505 1422 648 1505 Apelles;
671 1443 775 1510 neque
797 1441 910 1488 eorum
933 1421 1098 1508 quisquam
1121 1431 1185 1499 est,
1209 1422 1259 1489 cui
1280 1424 1452 1512 quidquam

128 1520 161 1584 in
182 1526 250 1584 arte
271 1538 329 1582 sua
350 1518 462 1582 deesse
483 1517 638 1582 videatur.
682 1521 740 1594 Et,
770 1517 798 1583 si
824 1516 885 1583 hoc
912 1515 944 1581 in
965 1514 1014 1581 his
1036 1519 1126 1602 quasi
1147 1520 1241 1584 mutis
1262 1521 1383 1585 mtihus
1405 1526 1453 1585 est

127 1615 303 1678 mirandum
331 1618 364 1676 et
390 1619 495 1675 tamen
519 1630 647 1688 verum,
683 1620 799 1695 quanto
827 1609 1042 1676 admirabilius
1068 1610 1102 1675 in
1130 1616 1272 1679 oratioue
1300 1623 1393 1700 atque
1416 1614 1450 1680 iu

128 1706 259 1791 linguai
281 1725 362 1792 quae
384 1725 455 1770 uum
477 1706 508 1770 in
531 1706 643 1770 iisdem
658 1704 819 1770 sententiis
834 1706 1003 1791 verbisque
1018 1713 1180 1782 versetur,
1204 1728 1341 1774 summas
1356 1711 1488 1776 hebetas

129 1798 417 1877 dissimilitudines;
439 1819 502 1863 non
517 1799 580 1872 sic,
602 1798 705 1864 otalii
720 1801 918 1886 vituperandi
938 1798 1018 1874 sint,
1042 1796 1097 1864 sed
1119 1808 1153 1863 ut
1174 1799 1214 1876 ii,
1238 1821 1318 1887 quos
1332 1811 1452 1869 constet

128 1915 198 1960 esse
218 1895 406 1969 laudandos,
427 1893 460 1956 in
483 1891 602 1978 dispari
625 1900 729 1960 tamen
751 1914 868 1977 genere
889 1891 1067 1959 laudentur.
1112 1895 1165 1958 27.
1194 1897 1297 1980 Atque
1325 1899 1357 1962 id
1388 1898 1453 1982 pri·

128 2010 214 2055 mum
235 1992 267 2053 iu
288 1989 392 2072 potitis
413 1988 499 2052 cerni
521 1986 611 2062 licet,
635 1986 748 2073 quibus
771 1996 819 2054 est
840 1991 983 2074 proxima
1004 1990 1151 2071 cognatio
1173 2009 1245 2055 cum
1259 1993 1449 2066 oratoribus,

128 2104 222 2171 quam
243 2083 306 2148 sint
326 2080 408 2146 iuter
429 2101 499 2146 sese
519 2083 658 2156 Ennius,
680 2086 832 2149 Pacuvius
853 2083 1028 2168 Acciusque
1052 2083 1237 2164 dissimilem
1261 2105 1354 2171 quatu
1369 2082 1454 2168 apud

130 2181 266 2244 Graecos
286 2178 473 2262 Aeschylus,
497 2178 685 2263 Sophocles,
706 2175 890 2262 Euripides,
914 2198 1105 2265 quamquam
1119 2177 1264 2245 omnihus
1278 2201 1336 2264 par
1351 2199 1453 2266 paene
1462 2194 1492 2237 πο

127 2271 195 2337 laus
226 2273 258 2336 in
290 2269 432 2337 dissimili
462 2271 621 2336 scribendi
653 2293 770 2356 genero
801 2271 967 2338 tribuatur.
1012 2273 1065 2337 28.
1099 2271 1256 2360 Adspicite
1283 2295 1367 2340 nuno
1396 2294 1453 2340 eos

128 2365 271 2432 homines
292 2373 386 2454 atque
406 2366 589 2443 intuemini,
619 2388 754 2454 quorum
777 2371 817 2433 de
839 2368 985 2433 facultate
1007 2368 1206 2453 quaerimus,
1230 2367 1306 2455 quid
1327 2368 1452 2433 intersit

128 2462 210 2524 inter
230 2468 392 2527 oratorum
413 2464 515 2526 studia
535 2468 628 2547 atque
651 2471 788 2527 naturas.
833 2463 1024 2527 Suavitatem
1046 2464 1214 2536 Isocrates,
1245 2463 1448 2530 subtilitatem

129 2556 250 2639 Lysias,
273 2574 406 2621 acumen
428 2552 623 2641 Hyperides,
646 2556 783 2621 sonitum
797 2555 982 2635 Aeschines,
1005 2559 1069 2621 vim
1084 2558 1312 2622 Demosthenes
1332 2555 1453 2623 habuit.

130 2651 209 2727 Quis
231 2669 341 2715 eorum
364 2670 429 2715 non
451 2652 618 2735 egregius?
641 2657 744 2716 umen
767 2652 837 2737 quis
858 2651 1041 2735 cuiusquam
1063 2649 1124 2715 nisi
1145 2653 1195 2716 sui
1217 2650 1345 2717 similist
1375 2654 1490 2717 Gra-2⁵

129 2742 255 2809 vitatem
276 2743 457 2817 Africanus,
479 2743 640 2811 lenitatem
661 2744 800 2819 Laelius,
822 2742 1023 2829 asperitatem
1045 2741 1161 2820 Galba,
1185 2747 1344 2831 profluens
1360 2744 1453 2830 quid·

129 2839 201 2903 dam
222 2835 332 2903 hahuit
354 2840 457 2904 Carbo
479 2847 511 2902 et
531 2856 695 2904 canorum.
744 2837 822 2917 Quis
852 2840 965 2904 horum
991 2857 1057 2902 non
1084 2840 1228 2924 princeps
1256 2839 1452 2926 temporibus

129 2931 190 2997 illis
209 2929 289 2997 fuiti
311 2938 343 2995 et
364 2951 422 2997 suo
445 2942 548 2998 tamen
569 2933 703 3018 quisque
725 2933 758 2996 in
779 2950 893 3016 genere
914 2930 1070 3018 princeps.
1114 2933 1199 2999 Vlll.
1220 2936 1273 2998 29.
1299 2938 1360 3000 Sed
1375 2933 1452 3021 quid

129 3047 190 3111 ego
211 3034 318 3092 vetera
340 3025 542 3111 conquiram,
572 3047 643 3092 cum
667 3026 745 3091 mibi
765 3025 858 3091 liceat
878 3028 924 3090 uti
945 3024 1162 3112 praesentibus
1183 3028 1336 3115 exemplis
1358 3040 1452 3114 atque

131 3121 229 3186 vivist
274 3117 356 3199 Quid
385 3123 552 3187 iucundius
580 3121 711 3189 auribus
739 3124 853 3188 nostris
878 3141 1017 3207 uuquam
1045 3119 1157 3185 accidit
1184 3121 1276 3187 huius
1307 3123 1490 3189 orationem

131 3212 255 3280 Catuli?
289 3224 445 3300 quaeest
473 3236 552 3302 pura
574 3216 633 3292 sic,
667 3225 704 3284 nt
729 3216 838 3282 Latine
865 3214 951 3300 loqui
980 3234 1082 3298 paene
1109 3215 1195 3281 solus
1217 3219 1374 3292 uideatur,
1407 3217 1453 3281 sic

129 3317 234 3374 autem
256 3309 378 3394 gravis,
409 3310 498 3377 utin
520 3310 671 3397 singulari
694 3311 844 3396 dignitate
867 3309 969 3374 omnis
990 3315 1093 3374 nmen
1115 3307 1197 3374 adsit
1217 3311 1394 3376 humanitas
1417 3331 1454 3376 ac

129 3401 229 3487 lepos.
273 3401 357 3480 Quid
379 3407 502 3469 multat
524 3407 617 3471 istum
640 3405 771 3471 audiens
785 3402 932 3489 equidem
949 3402 1146 3469 siciudicare
1169 3402 1277 3481 soleo,
1300 3403 1454 3492 quidquid

130 3505 184 3561 aut
197 3495 357 3563 addideris
372 3507 424 3563 aut
446 3499 615 3566 mutaveris
637 3507 690 3564 aut
711 3500 897 3572 detraxeris,
923 3497 1067 3565 vitiosius
1088 3506 1120 3563 et
1141 3498 1281 3565 deterius
1301 3497 1453 3568 futurum.

130 3594 180 3659 30.
211 3592 313 3669 Quid,
350 3600 458 3658 noster
487 3595 539 3658 hic
568 3596 681 3660 Caesar
708 3614 813 3659 nonne
839 3614 955 3657 novam
984 3592 1139 3679 quandam
1164 3594 1320 3661 rationem
1350 3594 1489 3662 attulisse

131 3689 282 3756 orationis
311 3697 344 3754 et
370 3686 492 3753 dicendi
521 3708 621 3771 genus
648 3687 769 3753 induxit
798 3706 897 3773 prope
924 3687 1105 3772 singularet
1139 3687 1218 3766 Quis
1238 3709 1378 3775 unquam
1400 3710 1452 3756 res

130 3789 255 3866 praeter
286 3781 369 3848 hunc
400 3782 532 3867 tragicas
561 3803 661 3869 paene
693 3781 828 3855 comice,
865 3784 968 3847 tristes
995 3784 1141 3857 remisse,
1177 3802 1303 3847 severas
1330 3782 1444 3860 hilare,

129 3877 272 3942 forenses
299 3878 421 3942 scenica
450 3897 549 3964 prope
577 3885 739 3944 venustate
773 3875 914 3942 tractavit
948 3884 1042 3964 atque
1068 3878 1127 3954 ita,
1161 3884 1196 3943 ut
1231 3898 1334 3963 neque
1356 3877 1445 3944 iocus

129 3969 343 4054 magnitudine
375 3993 482 4037 rerum
514 3971 735 4038 excluderetur
762 3992 821 4036 nec
848 3969 982 4054 gravitas
1003 3970 1123 4038 facetiis
1145 3971 1366 4039 minueretur?
1400 3975 1452 4038 ut.

130 4068 211 4131 Ecce
232 4073 414 4151 praesentes
435 4068 499 4133 duo
520 4087 622 4153 prope
643 4065 790 4152 aequales
812 4064 967 4151 Sulpicius
988 4071 1020 4130 et
1034 4068 1133 4132 Cotta.
1179 4065 1262 4144 Quid
1284 4075 1347 4131 tam
1369 4065 1494 4132 intereo

131 4183 165 4226 se
187 4160 357 4228 dissimilet
389 4162 465 4249 quid
486 4172 549 4228 tam
570 4164 603 4228 in
624 4183 683 4230 suo
705 4182 821 4247 genere
844 4165 1029 4247 praestans?
1064 4160 1203 4227 Limatus
1224 4160 1303 4227 alter
1325 4170 1357 4226 et
1378 4164 1455 4226 sub·

130 4255 211 4331 tilis,
243 4278 311 4322 rem
339 4256 499 4340 explicans
525 4258 663 4342 propriis
689 4256 833 4342 aptisque
861 4252 977 4320 verbis.
1023 4257 1139 4321 Haeret
1160 4260 1192 4321 in
1213 4275 1306 4321 causa
1327 4275 1452 4342 semper

131 4358 177 4427 et,
211 4349 287 4436 quid
313 4351 409 4417 iudici
435 4351 632 4439 probandum
659 4351 713 4426 sit,
748 4370 821 4417 cum
849 4348 1028 4416 acutissime
1053 4348 1149 4427 vidit,
1184 4349 1308 4415 omissis
1340 4349 1452 4417 ceteris

203 4609 229 4659 1.
248 4613 335 4659 tomen
348 4607 387 4658 dii
398 4609 529 4659 consimili
540 4607 600 4671 (sic)
613 4609 644 4659 B.
658 4633 691 4647 -
708 4609 735 4661 2.
754 4609 932 4675 diriperentur
942 4605 975 4657 Β.
990 4631 1020 4644 -
1039 4604 1067 4656 ’1.
1079 4604 1124 4667 At]
1136 4603 1178 4655 Ad
1190 4605 1222 4666 li,
1239 4605 1327 4671 Atque
1339 4607 1454 4660 malebat

130 4679 292 4740 Lembtnut,
311 4680 346 4731 Et
362 4679 499 4734 Petreius.
516 4705 551 4716 -
568 4679 595 4730 8.
613 4683 693 4732 suom
706 4684 795 4743 potest
812 4680 844 4730 Β.
865 4705 894 4720 -·
915 4678 943 4729 2.
962 4676 1103 4741 Potgciim
1121 4675 1205 4727 Codd.
1224 4679 1277 4729 ets
1307 4677 1453 4742 Potgotstos

131 4750 165 4801 li.
185 4775 216 4787 -
238 4751 280 4800 11.
301 4748 380 4814 iuter]
397 4753 426 4801 iu
443 4751 474 4802 Β.
495 4776 526 4788 -
546 4751 590 4802 12.
609 4746 764 4816 quidqwsnr]
782 4753 907 4815 wtqsson
923 4747 956 4798 Β.
975 4770 1009 4786 -·
1026 4747 1069 4797 td.
1089 4747 1138 4797 otti
1153 4747 1300 4806 Medendi,
1318 4749 1368 4800 obi
1385 4751 1453 4801 ouo

128 4822 245 4885 pmuudi
261 4821 413 4872 Lambinus.
433 4843 467 4857 -
484 4822 528 4872 21.
548 4821 679 4873 senoesdt
697 4834 750 4872 om.
770 4820 802 4871 B.
824 4846 853 4859 -
871 4821 916 4872 25.
936 4817 1002 4881 Quis
1019 4829 1111 4868 eorum
1127 4841 1139 4852 ·
1155 4842 1167 4854 ·
1184 4817 1276 4870 holuit
1294 4833 1348 4873 om.
1365 4819 1398 4872 Β.
1419 4843 1450 4861 -·

131 4891 176 4943 28.
194 4894 224 4944 in
241 4905 293 4944 om.
313 4891 347 4943 Β.
367 4916 397 4929 -
416 4888 461 4943 ³³.
480 4891 609 4960 quidquid
625 4889 685 4959 onst]
703 4892 842 4960 quisquan
859 4891 892 4943 Β.
912 4914 943 4930 -
961 4887 1006 4942 32.
1024 4882 1106 4956 stsqtss'
1122 4889 1243 4957 moritus
1261 4890 1294 4943 li.
