3232 5392
583 237 658 313 ΠΒ.
680 237 706 310 I.
748 246 782 312 C.
804 246 855 310 27.
879 238 933 310 28.
957 240 1009 309 29.
1400 240 1459 311 195

134 401 265 470 stultitia
292 409 397 469 autem
419 404 654 470 excusationem
683 423 746 471 non
776 406 887 482 babet;
927 407 1000 493 quia
1022 424 1115 470 nemo
1138 400 1279 478 ridetur,
1313 410 1368 470 aut
1389 407 1461 491 quia

135 495 250 564 crudus
271 495 368 562 fuerit
389 507 442 563 aut
464 499 550 584 quod
571 497 616 562 ita
636 498 797 574 maluerit,
835 501 949 564 stultus
969 497 1078 564 fuisse.
1124 500 1196 575 Quo
1219 501 1314 565 otiam
1335 503 1461 585 gravius

135 591 285 658 iudicium
315 591 349 657 in
380 591 514 657 dicendo
544 593 696 656 subimus.
740 594 872 670 Quoties
898 592 981 658 enim
1010 593 1158 668 dicimus,
1193 595 1286 659 toties
1308 596 1347 658 de
1369 596 1461 660 nobis

135 685 308 764 iudicatur3
347 696 392 761 et,
426 686 480 772 qui
509 684 605 751 semel
633 686 667 751 in
694 696 785 772 gestu
809 686 966 774 peccavit,
1006 709 1069 752 non
1092 689 1243 754 continuo
1266 689 1462 754 existimatur

134 779 256 845 nescire
279 788 417 866 gestum3
455 782 544 845 cuius
572 788 677 846 autem
706 783 739 845 in
766 780 899 847 dicendo
935 780 1011 867 quid
1042 784 1270 865 reprehensum
1305 791 1369 861 est,
1407 791 1484 849 auts

134 882 261 940 aeterne
289 877 322 940 in
351 895 390 940 eo
421 883 475 939 aut
496 883 580 939 certe
603 872 749 941 diuturne
771 873 854 941 valet
875 875 985 959 opinio
1006 875 1171 941 tarditatis.
1215 879 1361 941 xxv111.
1386 880 1459 943 126.

134 967 215 1033 illud
237 988 335 1046 vero,
358 966 444 1054 quod
466 989 484 1033 a
506 977 537 1033 te
559 968 676 1034 dictum
699 977 762 1042 est,
786 991 855 1035 esse
877 972 1049 1054 permulta,
1080 991 1159 1056 quae
1181 980 1290 1036 orator
1311 992 1330 1037 a
1350 979 1461 1036 nature

134 1062 194 1128 nisi
215 1066 368 1139 baberet,
402 1082 466 1127 non
487 1065 620 1128 multum
642 1085 660 1127 a
682 1065 831 1146 magistro
861 1066 1080 1136 adiuvaretur,
1113 1062 1205 1130 valde
1227 1067 1285 1129 tibi
1307 1065 1462 1130 assentior

133 1159 230 1243 inque
250 1177 290 1223 eo
311 1159 365 1223 vel
386 1159 520 1222 maxime
541 1159 673 1242 probavi
697 1179 853 1225 summum
875 1158 962 1224 illum
992 1161 1174 1234 doctorem,
1208 1161 1461 1225 Alabandensem

133 1250 353 1335 Apollonium,
387 1250 461 1336 qui,
499 1273 570 1315 cum
601 1255 750 1318 mercede
779 1256 927 1328 doceret,
964 1261 1069 1317 tamen
1097 1274 1161 1317 non
1183 1254 1362 1338 patiebatur
1385 1273 1499 1330 eos‚1o

134 1366 215 1431 quos
236 1345 396 1411 iudicabat
417 1367 482 1410 non
504 1366 597 1431 posse
619 1355 763 1411 oratores
785 1351 937 1423 evadere,
961 1368 1093 1430 operam
1115 1350 1198 1433 apud
1220 1367 1289 1412 sese
1309 1350 1460 1430 perdere;

132 1439 372 1526 dimittebatque
396 1447 428 1503 et
448 1437 489 1505 ad
512 1461 606 1525 quam
628 1460 785 1527 quemque
808 1450 906 1506 artem
929 1443 1059 1526 putabat
1080 1463 1150 1505 esse
1171 1449 1295 1526 aptum,
1327 1443 1367 1505 ad
1391 1463 1462 1508 eam

131 1535 298 1618 impellere
320 1546 413 1623 atque
435 1536 557 1599 hortari
579 1534 711 1600 solebat.
758 1539 829 1600 127.
854 1535 936 1600 Satis
958 1542 1006 1600 est
1027 1535 1111 1602 enim
1132 1535 1166 1599 in
1188 1535 1300 1600 celeris
1322 1536 1462 1602 artificiis

132 1632 346 1715 percipiendis
369 1630 586 1695 tantummodo
609 1629 743 1694 similem
765 1650 834 1695 esse
855 1630 992 1695 bominis
1015 1637 1047 1695 et
1067 1627 1118 1705 id,
1142 1626 1227 1715 quod
1249 1627 1388 1696 tradatur
1409 1633 1460 1697 vel
1524 1685 1529 1700 .

131 1723 226 1790 etiam
249 1724 440 1802 inculcetur,
464 1723 492 1789 si
513 1726 567 1810 qui
588 1723 671 1789 sorte
693 1724 733 1790 sit
756 1724 894 1800 tardior,
918 1744 1013 1810 posse
1035 1724 1202 1809 percipere
1223 1726 1328 1789 animo
1347 1735 1380 1790 et
1396 1745 1498 1792 me-rs

130 1817 232 1883 moria
255 1817 426 1884 custodire.
472 1821 543 1884 Non
564 1820 727 1906 quaeritur
748 1819 907 1883 mobilitas
928 1817 1070 1901 liuguae,
1094 1837 1159 1883 non
1181 1821 1326 1884 celeritas
1348 1824 1462 1889 verbo·

130 1935 218 1990 rum,
241 1934 306 1980 non
329 1915 465 1996 denique
488 1933 543 1989 ea,
567 1933 648 1999 quae
663 1914 756 1977 nobis
771 1904 835 1978 non
850 1932 1018 1996 possumus
1033 1910 1171 1996 fingere,
1195 1911 1311 1988 iacies,
1335 1913 1458 1991 vultus,

130 2027 237 2072 sonus.
286 2011 357 2072 128.
382 2009 417 2071 ln
440 2015 564 2072 oratore
586 2016 691 2072 autem
713 2028 845 2073 acumen
867 2004 1122 2083 dialecticorum,
1156 2006 1328 2072 sententiae
1358 2007 1462 2090 pbilo-

130 2103 322 2188 sophorum,
359 2104 456 2166 verba
488 2121 589 2187 prope
621 2109 803 2187 poetarum,
837 2100 991 2166 memoria
1023 2100 1101 2167 iuris
1130 2104 1362 2176 consultorum,
1397 2123 1461 2168 vox

129 2198 372 2278 tragoedorum,
395 2205 500 2279 gestus
514 2215 613 2281 paene
628 2216 824 2262 summorum
846 2203 987 2260 actorum
1010 2203 1057 2260 est
1079 2196 1300 2282 requirendus.
1343 2199 1498 2275 Quam-so

130 2290 240 2367 obrem
263 2289 341 2354 nibil
363 2292 396 2354 in
419 2289 581 2355 bominum
603 2311 721 2376 genere
743 2291 844 2355 rarius
866 2287 1008 2375 perfecto
1034 2298 1161 2354 oratore
1187 2292 1321 2355 inveniri
1341 2301 1457 2374 potest.

130 2384 218 2461 Quae
241 2384 325 2449 enim
348 2384 541 2468 singularum
564 2405 669 2449 rerum
691 2382 826 2449 artifices
848 2382 970 2469 singula
993 2385 1019 2446 si
1040 2383 1242 2448 mediocriter
1256 2385 1360 2472 adepti
1376 2395 1457 2462 sunl,

127 2481 323 2564 probantur,
360 2499 397 2544 ea
426 2480 487 2544 nisi
509 2479 615 2544 omnia
636 2501 759 2544 summa
780 2488 853 2544 sunt
874 2479 906 2541 in
929 2485 1074 2551 oratore,
1105 2480 1232 2562 probari
1255 2499 1318 2543 nou
1340 2489 1456 2563 potest.

216 2577 289 2640 129.
313 2578 392 2638 Tum
416 2574 563 2648 Crassus,
597 2576 690 2659 Atqui
713 2577 802 2648 vide,
836 2573 955 2656 inquit,
990 2572 1021 2634 in
1043 2569 1176 2637 artificio
1198 2592 1351 2659 perquam
1373 2573 1459 2640 tenui

127 2678 160 2735 et
180 2669 244 2736 levi
267 2678 383 2756 quanto
405 2671 477 2752 plus
500 2667 685 2733 adhibeatur
705 2666 886 2750 diligentiae
909 2685 1003 2750 quam
1026 2666 1058 2730 in
1076 2666 1135 2730 bac
1151 2688 1203 2741 re,
1228 2689 1321 2751 quam
1337 2675 1495 2735 constater

128 2785 198 2830 esse
221 2763 401 2830 maximam.
447 2766 548 2848 Saepe
571 2764 654 2828 enim
677 2761 765 2828 solco
788 2762 897 2824 audire
919 2758 1085 2833 Roscium,
1119 2781 1189 2825 cum
1216 2759 1260 2824 ita
1286 2760 1388 2837 dicat,
1423 2783 1457 2828 se

127 2856 232 2924 adbuc
254 2857 393 2944 reperire
415 2854 623 2942 discipulum,
653 2877 748 2940 quem
770 2852 898 2940 quidem
921 2856 1087 2938 probaret,
1115 2856 1256 2938 potuisse
1278 2857 1455 2934 neminem;

127 2971 192 3018 uon
215 2973 279 3038 quo
301 2972 366 3016 non
387 2959 492 3016 essent
513 2952 641 3036 quidam
663 2946 864 3032 probabiles,
888 2946 944 3012 sed
965 2949 1058 3033 quia,
1081 2950 1109 3013 si
1131 2947 1250 3033 aliquid
1264 2952 1360 3014 modo
1375 2959 1458 3015 esset

126 3048 215 3122 vitii,
240 3047 273 3109 id
294 3044 378 3110 terre
399 3044 467 3131 ipse
489 3065 554 3109 non
575 3051 693 3129 posset.
739 3041 824 3108 Nihil
847 3050 894 3107 est
916 3040 1001 3107 enim
1024 3049 1087 3106 tam
1109 3043 1231 3128 insigne
1254 3064 1313 3108 nec
1334 3053 1398 3109 tam
1415 3046 1457 3110 ad

128 3141 365 3206 diuturnitatem
381 3141 552 3204 memoriae
568 3137 680 3203 stabile
695 3158 790 3222 quam
803 3135 849 3209 id,
872 3137 903 3199 in
926 3158 989 3222 quo
1011 3138 1131 3222 aliquid
1152 3137 1334 3203 offenderis.
1382 3143 1452 3204 130.
1466 3164 1493 3205 ³0

126 3237 238 3321 tuque
259 3242 296 3302 ut
316 3236 358 3300 ad
379 3237 461 3300 banc
482 3232 719 3300 similitudinem
740 3233 833 3297 buius
854 3229 1016 3296 histrionis
1036 3233 1207 3297 oratoriam
1230 3234 1356 3298 laudem
1379 3231 1456 3299 diri·

126 3349 256 3414 gamus,
280 3330 450 3404 videtisne,
474 3348 568 3413 quarn
589 3325 667 3392 nibil
688 3330 729 3392 ub
753 3345 792 3391 eo
813 3325 874 3388 nisi
896 3323 1055 3407 perfecte,
1079 3326 1158 3390 nibil
1172 3325 1232 3391 nisi
1248 3346 1318 3392 cum
1333 3347 1455 3394 summa

126 3431 291 3489 venustate
313 3421 381 3500 bat,
403 3421 483 3488 nihil
505 3421 565 3486 nisi
587 3422 649 3497 ita,
673 3431 708 3486 ut
729 3419 838 3485 deceat
858 3426 890 3482 et
910 3421 956 3485 uti
980 3441 1091 3486 omnes
1112 3428 1239 3486 moveat
1260 3428 1354 3506 atque
1370 3422 1456 3489 dele-

106 3520 210 3582 ctett
247 3518 357 3603 Itaque
387 3521 449 3583 boc
479 3517 598 3582 iamdiu
628 3522 676 3580 est
702 3522 903 3586 consecutus,
941 3525 975 3579 ul
1004 3516 1036 3579 in
1063 3534 1126 3600 quo
1155 3514 1289 3602 quisque
1319 3514 1452 3582 artificio

127 3612 317 3688 excelleret,
341 3613 368 3676 is
389 3611 422 3677 in
444 3633 501 3676 suo
524 3631 641 3695 genere
664 3608 796 3675 Roscius
817 3607 985 3673 diceretur.
1029 3610 1118 3673 Hanc
1139 3628 1199 3695 ego
1221 3608 1490 3677 absolutionemss

126 3705 418 3792 perfectionemque
440 3707 473 3771 in
494 3714 622 3771 oratore
645 3702 845 3779 desiderans,
880 3723 983 3785 aqua
1003 3700 1071 3788 ipse
1093 3702 1187 3788 longe
1208 3707 1336 3780 absum,
1369 3705 1454 3772 facio

126 3801 343 3885 impudenter;
366 3801 443 3865 mibi
465 3801 549 3865 eninr
571 3799 645 3863 volo
668 3796 806 3882 ignosci,
831 3797 945 3861 ceteris
966 3798 1034 3882 ipse
1056 3818 1120 3863 non
1135 3799 1286 3883 ignosco;
1310 3801 1453 3886 namqui

127 3915 191 3959 non
212 3901 336 3977 potest,
359 3895 414 3978 qui
436 3892 548 3958 vitiose
570 3891 662 3966 lacit,
688 3911 782 3975 quem
804 3892 940 3976 denique
962 3910 1027 3957 non
1048 3889 1158 3968 decet,
1181 3896 1265 3958 hunc
1287 3890 1332 3976 (ut
1355 3895 1452 3981 Apol·

127 3989 231 4055 lonius
252 3986 393 4065 iubebat)
417 3988 456 4052 ad
478 3986 528 4063 id,
551 3984 637 4074 quod
658 3983 764 4050 iacere
784 3986 898 4071 possit,
923 3986 1152 4050 detrudendum
1174 3995 1263 4072 puto.

210 4085 329 4149 XXIX.
356 4085 426 4147 131.
447 4086 528 4148 Num
549 4089 584 4147 tu
606 4083 719 4166 igitur,
742 4077 846 4164 inquit
867 4077 1042 4165 Sulpicius,
1066 4102 1117 4143 me
1139 4089 1192 4145 aut
1213 4084 1296 4146 bunc
1318 4082 1449 4155 Cottam,
1459 4100 1487 4142 ro

195 4270 221 4320 1.
241 4262 315 4332 puio]
335 4276 417 4330 cuore
435 4264 501 4323 BR,
520 4269 620 4327 quanto
638 4261 703 4313 Cod.
724 4262 799 4313 Voss.
821 4285 852 4298 -
870 4260 976 4312 uidetur
993 4275 1045 4312 om.
1065 4260 1141 4314 Vosr·
1163 4288 1191 4304 ··
1219 4261 1245 4314 l.
1266 4268 1296 4311 ot
1313 4261 1347 4314 ll.
1368 4287 1399 4298 -
1419 4263 1446 4314 5.

126 4341 188 4405 Μ
207 4339 292 4391 Codd.
312 4338 363 4395 11..
383 4339 424 4387 R:
444 4335 546 4398 aliquid
565 4335 618 4384 BE·
638 4358 669 4370 -
696 4332 724 4383 ’1.
744 4346 762 4383 a
778 4338 879 4382 natura
897 4335 949 4382 nt'tt'
968 4331 1053 4382 Codd.
1074 4333 1123 4385 ab:
1143 4335 1196 4383 niel
1213 4347 1230 4384 a
1247 4337 1349 4382 notura
1366 4332 1446 4385 BRE,

128 4436 157 4449 -
177 4410 206 4462 3.
224 4411 328 4475 lnquit:
347 4420 424 4472 mue
441 4407 475 4456 ll.
494 4429 527 4440 -·
558 4406 602 4454 12.
621 4404 657 4454 od
676 4415 757 4466 quom
774 4416 901 4468 quomque
918 4403 959 4461 b,
978 4403 1014 4452 od
1031 4416 1214 4468 quameunque
1231 4403 1325 4453 Aluus.
1345 4428 1377 4439 -
1402 4403 1446 4452 13,

125 4483 194 4532 eoin
210 4488 249 4531 eet
265 4493 325 4531 cum
338 4477 423 4529 Codd.
437 4478 499 4540 ullu.
513 4475 547 4525 T.
562 4501 591 4513 -
612 4476 641 4524 tn
659 4476 750 4524 ceteris
769 4473 789 4523 ll
810 4473 918 4536 altique,
939 4473 977 4521 lt:
996 4476 1086 4523 ceterte
1098 4473 1128 4524 li.
1145 4497 1174 4510 -
1194 4473 1237 4524 1⁴.
1253 4473 1284 4521 V.
1298 4475 1448 4537 percipien-

126 4553 167 4602 dle
184 4553 293 4602 seclusit
312 4549 436 4608 Ellendt,
465 4552 494 4598 ut
513 4546 566 4596 volt
584 4549 662 4596 ettcrn
682 4544 788 4593 Bellus.
813 4542 985 4608 (perficiendis
1005 4543 1082 4594 Voss.
1101 4550 1127 4594 et
1146 4543 1222 4607 lagg.
1241 4543 1317 4607 ulto.)
1340 4568 1368 4579 -
1401 4545 1446 4594 15.

127 4623 171 4688 pul
189 4621 274 4674 codd.
293 4621 348 4672 ab:
375 4622 432 4685 potr
450 4617 530 4667 enm
558 4641 587 4654 -
619 4613 663 4664 18.
681 4615 808 4662 sententia
827 4615 881 4665 bit.
909 4637 943 4648 -
972 4614 1088 4665 131111
1105 4614 1197 4663 omnio
1213 4621 1275 4664 mor
1292 4615 1323 4663 in
1340 4621 1447 4665 oratore

125 4707 226 4746 sum
243 4692 275 4743 B.
303 4690 368 4754 (rtet
385 4703 433 4753 pro
450 4693 511 4739 runt
529 4682 573 4745 R.)
593 4709 621 4720 -
651 4688 733 4746 potest
750 4682 834 4733 Rullo
851 4688 958 4736 auctore
976 4683 1017 4734 T:
1041 4689 1153 4748 possunt
1176 4695 1236 4733 curn
1264 4683 1337 4734 libris
1356 4682 1385 4733 ll.
1413 4709 1446 4722 -

126 4764 169 4816 el.
186 4757 326 4830 perquem]
346 4766 370 4809 et
386 4774 467 4825 opero
485 4770 564 4822 quom
582 4754 615 4805 li.
636 4779 663 4791 -
694 4749 1053 4818 25.quamsn]outtn1t.
1076 4778 1105 4791 -
1135 4752 1179 4803 2⁷.
1199 4755 1342 4816 repperisse
1359 4754 1392 4805 ll·
1415 4776 1444 4790 -

123 4837 238 4900 probare
252 4835 381 4899 potutrret
399 4830 434 4887 li.
463 4853 493 4867 -
523 4826 568 4878 28.
587 4819 704 4889 quidam]
732 4824 835 4886 quidem
852 4825 884 4876 lt.
906 4848 935 4863 -·
965 4822 1009 4873 m.
1026 4823 1171 4888 perfeetum
1189 4823 1243 4876 bit.
1266 4848 1291 4861 -
1315 4823 1359 4874 33.
1377 4825 1444 4891 pot3

125 4908 178 4961 atet
195 4909 261 4971 (om.
279 4903 356 4970 olo)
374 4914 434 4956 cum
452 4898 535 4952 Codd.
556 4897 691 4962 plerisque
710 4893 766 4945 bu.
