3232 5392
169 232 209 297 52
666 229 720 293 AD
742 227 979 297 HERENNIUM

167 392 275 463 nobis,
299 390 373 474 quid
396 388 449 454 alii
472 387 688 472 excogitariot.
731 392 783 456 lV.
808 393 847 455 At
868 392 930 456 hoc
951 392 1053 475 ipsum
1075 386 1203 454 difficile
1225 396 1295 467 est,
1326 389 1484 478 inquiunt,

167 486 284 569 eligere
304 487 342 547 de
366 487 481 548 multis.
528 483 609 560 Quid
632 485 735 548 dicitis
756 483 905 549 dilticile‘l
927 493 1030 549 utrum
1046 486 1258 561 laboriosum,
1284 506 1326 550 an
1341 483 1488 551 artificio-

166 583 254 642 suml
277 580 308 643 Si
327 580 536 652 laboriosum,
559 598 623 643 non
638 581 742 642 statim
757 581 962 663 praeclarum.
1009 581 1087 643 Sunt
1101 582 1184 644 enim
1199 582 1297 644 multa
1311 578 1483 653 laboriosa,

165 695 245 760 quae
268 674 294 736 si
315 671 455 748 faciatis,
489 694 553 737 non
583 674 730 738 continuo
762 672 956 758 gloriemini;
989 675 1050 738 nisi
1080 674 1162 739 sorte
1185 675 1298 751 etiam,
1334 675 1360 738 si
1383 681 1487 738 restra

144 789 260 832 smanu
282 769 402 832 fabulas
423 775 476 833 aut
497 769 657 833 orationes
690 773 770 831 totas
799 770 1094 852 transcripsissetis,
1127 767 1300 850 gloriosum
1320 769 1482 854 putaretis.

166 863 221 926 Sin
243 870 347 926 autem
368 864 449 927 istud
472 858 672 926 artificiosum
696 860 858 945 egregium
881 864 1002 937 dicitis,
1026 864 1149 938 videte,
1181 883 1220 927 ne
1241 864 1357 927 insueti
1379 883 1485 927 rerum

165 959 318 1020 maiorum
340 955 528 1030 videamini,
562 957 588 1021 si
612 975 668 1020 vos
691 975 788 1040 parva
810 977 860 1020 res
882 955 974 1020 sicuti
997 978 1109 1040 magna
1131 958 1277 1021 delectat.
1322 959 1401 1021 Nam
1424 955 1484 1020 isto

164 1052 260 1116 modo
283 1052 398 1135 eligere
421 1053 508 1116 rudis
530 1052 656 1134 quidem
679 1069 774 1113 nemo
794 1057 915 1134 polest,
940 1054 995 1115 sed
1014 1053 1082 1116 sine
1097 1071 1221 1116 summo
1235 1047 1368 1115 artificio
1382 1048 1481 1113 multi.

164 1147 195 1208 7.
221 1147 367 1232 Quisquis
390 1147 472 1209 enim
494 1145 629 1208 audierit
653 1145 692 1207 de
714 1151 780 1208 arte
802 1146 908 1229 paullo
929 1147 1018 1227 plus,
1043 1145 1076 1210 in
1095 1147 1272 1211 elocutione
1288 1145 1482 1231 praesertim,

127 1258 156 1300 ro
165 1243 269 1304 omnia
291 1243 397 1308 videre
419 1242 553 1326 poterit,
592 1260 672 1324 quae
696 1261 737 1303 ex
758 1247 825 1303 arte
847 1241 1010 1318 dicuntur,
1045 1240 1148 1305 lacere
1171 1236 1266 1306 nemo
1287 1239 1405 1322 poterit
1425 1239 1484 1302 nisi

164 1333 313 1400 eruditus.
358 1336 417 1409 Ut,
452 1336 478 1397 si
510 1332 549 1398 de
583 1335 751 1417 tragoediis
782 1335 874 1397 Ennii
908 1334 986 1400 velis
1017 1335 1186 1401 sententias
1219 1337 1337 1419 eligere
1363 1341 1417 1399 aut
1444 1331 1482 1397 de

163 1428 345 1494 Pacuuianis
377 1430 546 1514 periodos,
582 1429 656 1514 quia
688 1429 781 1510 plane
807 1428 893 1491 rudis
917 1429 949 1491 id
978 1430 1082 1494 lacere
1115 1449 1209 1494 nemo
1242 1433 1378 1512 poterit,
1412 1448 1483 1493 cum

162 1524 291 1598 feceris,
315 1532 345 1587 te
368 1524 623 1587 litteratissimum
647 1532 759 1606 putes,
794 1523 919 1605 ineptus
941 1525 1005 1602 sis;
1040 1531 1210 1609 propterea
1231 1522 1316 1609 quod
1338 1525 1370 1587 id
1392 1521 1483 1587 facile

162 1617 255 1682 iaciat
285 1619 388 1703 quivis
417 1617 617 1682 mediocriter
644 1618 817 1693 litteratus3
856 1619 931 1679 item
959 1617 1009 1694 si,
1047 1639 1118 1684 cum
1151 1639 1191 1682 ex
1215 1619 1411 1684 cretionibus
1432 1621 1484 1680 aut

125 1729 154 1771 ιε
164 1714 316 1796 poematis
338 1713 470 1795 elegeris
492 1712 653 1796 exempla,
676 1730 756 1795 quae
778 1712 871 1775 certis
894 1713 990 1796 signis
1012 1710 1135 1777 artificii
1157 1721 1264 1778 notata
1285 1720 1379 1788 sunt,
1412 1712 1484 1796 quia

163 1808 250 1870 rudis
279 1809 436 1870 id'nemo
470 1807 574 1869 facere
602 1803 723 1890 possit,
758 1803 1013 1871 artificiosissime
1037 1816 1068 1872 te
1091 1806 1202 1872 secisse
1224 1816 1338 1892 putes,
1373 1825 1480 1881 erres;

162 1909 329 1987 propterea
359 1903 442 1986 quod
476 1900 536 1965 isto
565 1901 654 1982 signo
678 1900 820 1963 videmus
842 1908 872 1964 te
895 1901 1036 1966 nonnihil
1061 1903 1153 1966 huius
1176 1903 1223 1966 rei
1248 1898 1375 1986 [scire],
1414 1897 1481 1962 aliis

162 1997 277 2079 signis,
313 2000 410 2060 multa
438 1996 518 2060 scire
549 1994 771 2077 intelligemus.
830 1993 952 2071 Quodsi
984 1994 1186 2061 artificiosum
1219 2004 1268 2060 est
1298 1991 1483 2078 intelligere,

162 2110 242 2174 quae
265 2092 327 2154 sint
348 2112 389 2154 ex
410 2098 477 2154 arte
500 2091 633 2174 scripta,
658 2089 757 2152 multo
780 2095 828 2151 est
848 2087 1045 2154 artificiosius
1067 2092 1169 2173 ipsum
1192 2091 1332 2154 scribere
1347 2094 1480 2153 exarte.

124 2202 153 2242 ro
163 2185 224 2260 Qui
247 2186 330 2248 enim
351 2183 460 2249 scribit
487 2183 676 2258 artificiose,
710 2186 749 2247 ab
778 2181 847 2246 aliis
870 2188 1035 2249 commode
1058 2187 1173 2270 scripta
1192 2185 1286 2248 facile
1308 2181 1482 2265 intelligere

162 2280 299 2360 poterit;
333 2280 387 2363 qui
409 2276 503 2361 eliget
524 2277 632 2351 facile,
665 2296 729 2341 non
752 2277 900 2341 continuo
922 2278 990 2360 ipse
1013 2277 1178 2344 commode
1201 2280 1321 2343 scribit.
1366 2279 1425 2351 Et,
1457 2274 1483 2337 si

162 2381 210 2436 est
230 2372 364 2435 maxime
386 2369 604 2447 artificiosum,
642 2370 705 2436 alio
727 2379 868 2455 tempore
891 2381 1018 2436 utantur
1045 2393 1082 2437 ca
1110 2372 1274 2449 facultate,
1311 2392 1376 2437 non
1405 2378 1480 2444 tum,

162 2487 231 2529 cum
254 2486 365 2551 parere
398 2468 456 2547 ipsi
480 2474 511 2530 et
533 2467 662 2550 gignere
685 2473 717 2530 et
745 2465 889 2551 prolerre
914 2469 1040 2531 debent.
1083 2469 1267 2543 Postremo,
1302 2464 1335 2530 in
1357 2485 1398 2529 eo
1421 2464 1483 2527 vim

161 2557 281 2624 artificii
304 2568 509 2635 consumant,
547 2569 582 2623 ut
611 2561 671 2642 ipsi
694 2563 734 2623 ab
756 2561 826 2624 aliis
848 2562 953 2643 potius
976 2561 1112 2646 eligendi
1134 2583 1228 2647 quam
1250 2562 1387 2625 aliorum
1408 2557 1483 2622 boni

124 2672 152 2713 rs
162 2655 314 2718 electores
338 2655 564 2722 existimentur.
609 2657 724 2719 Contra
746 2675 805 2730 ea,
840 2677 921 2738 quae
954 2659 993 2720 ab
1023 2656 1061 2721 iis
1092 2654 1253 2730 dicuntur,
1289 2655 1344 2739 qui
1377 2651 1483 2732 dicunt

160 2750 269 2813 alienis
293 2749 445 2832 exemplis
468 2750 513 2812 uti
535 2757 705 2831 oportere,
729 2751 803 2814 satis
826 2759 874 2814 est
895 2752 1021 2815 dictum.
1065 2755 1175 2826 Nunc,
1212 2771 1293 2836 quae
1316 2749 1482 2836 separatim

161 2843 223 2909 dici
245 2852 397 2928 possunt,
422 2843 667 2908 consideremus.

173 3009 178 3017 ,
244 2944 282 3005 V.
316 2939 455 3004 Dicimus
476 2937 571 3020 igitur
592 2959 647 3001 eos
670 2958 739 3001 cum
769 2936 863 3013 ideo,
899 2942 985 3024 quod
1017 2939 1127 3003 alienis
1159 2946 1304 3016 utantur,
1337 2956 1480 3023 peccare,

161 3041 226 3097 tum
248 3034 346 3116 magis
370 3032 464 3096 etiam
486 3032 692 3118 delinquere,
727 3035 811 3116 quod
835 3054 853 3095 a
875 3033 980 3098 multis
1002 3035 1302 3119 exemplasumant.
1358 3033 1422 3097 Sed
1443 3032 1482 3094 de

125 3145 221 3200 seeo,
244 3127 328 3213 quod
349 3135 459 3210 postea
482 3125 634 3202 diximus,
664 3133 736 3190 ante
757 3128 929 3191 videamus.
977 3127 1010 3192 si
1031 3126 1238 3193 concederem
1261 3127 1364 3192 aliena
1386 3146 1482 3208 opor·

162 3228 226 3285 tere
249 3241 406 3287 assumere
429 3221 595 3304 exempla,
620 3222 777 3284 vincerem
793 3221 885 3286 unius
900 3230 1066 3306 oportere:
1091 3224 1247 3305 primum,
1271 3225 1358 3308 quod
1375 3229 1483 3285 contra

160 3314 221 3380 boc
242 3314 325 3379 nulla
347 3325 444 3380 staret
465 3336 575 3380 eorum
596 3318 690 3381 ratio.
735 3317 858 3380 Liccret
877 3318 959 3381 enim
975 3315 1126 3399 eligerent
1141 3324 1173 3380 et
1187 3319 1360 3400 probarent
1374 3335 1483 3402 quem·

160 3412 254 3486 libet,
278 3412 332 3495 qui
354 3412 415 3474 sibi
437 3412 469 3473 in
493 3431 601 3473 omnes
623 3431 673 3475 res
695 3412 908 3495 suppeditaret
930 3412 1091 3493 exempla,
1120 3413 1171 3475 rel
1193 3420 1317 3498 poetam
1340 3407 1390 3474 vel
1413 3429 1483 3475 ore-

161 3515 283 3579 torem,
318 3506 406 3569 cuius
429 3507 611 3569 auctoritate
634 3508 818 3569 niterentur.
863 3508 984 3569 Deinde
1018 3506 1150 3570 interest
1171 3506 1275 3590 magni
1303 3507 1393 3580 eius,
1429 3500 1485 3591 qui

231 3691 257 3740 l·
276 3690 350 3739 nobis
364 3724 371 3739 .
387 3722 416 3738 ..
437 3689 500 3752 quid
518 3690 696 3751 excogitarent
715 3688 748 3745 P,
768 3687 841 3736 nobis
860 3689 922 3750 quid
940 3691 1117 3753 cccopttcrtnt
1135 3688 1171 3746 Α,
1195 3688 1271 3739 nobit
1288 3687 1358 3752 qnod
1375 3687 1484 3750 accom-

161 3763 245 3810 torr'nt
264 3761 293 3810 Τ.
317 3761 385 3810 fort.
405 3760 495 3817 nobis,
515 3759 563 3807 atet
582 3760 644 3821 quid
662 3759 839 3822 excogitarent
858 3759 938 3808 Berr.
959 3784 991 3794 -
1020 3759 1044 3808 o.
1065 3760 1238 3824 artificiorum
1255 3767 1278 3809 et
1297 3758 1432 3824 egregium
1450 3757 1482 3806 Τ.

161 3831 195 3880 Ut
214 3843 277 3891 not,
296 3830 418 3880 Plura.
448 3854 477 3866 -
508 3830 532 3878 8.
552 3830 657 3890 seligere
677 3829 771 3877 Part.
803 3850 832 3864 -·
865 3829 1012 3878 ttncctiott
1030 3831 1060 3879 dc
1079 3835 1136 3879 crtc
1154 3830 1234 3890 Patr,
1254 3829 1485 3879 dccrtcandiott

160 3902 240 3951 FRT.
261 3925 293 3935 -
313 3904 353 3950 tt·
378 3899 407 3948 Ut
427 3901 463 3949 L:
485 3899 528 3949 lta
546 3907 575 3948 ut
591 3899 715 3956 ΡΑΒΤΒ,
735 3899 829 3960 traque
841 3898 872 3947 T.
893 3924 924 3934 -
946 3901 987 3948 12.
1007 3901 1128 3958 periodos
1146 3898 1220 3964 qrtin]
1234 3902 1342 3950 nunttor
1360 3899 1484 3962 rcdqnta

161 3984 201 4031 pr.
218 3973 247 4021 Ρ.
267 3970 448 4029 (Memorabile
468 3970 531 4018 illud
551 3973 674 4025 nuntior.
695 3970 765 4031 quod
784 3976 851 4018 essct
865 3967 916 4031 τὰς
930 3969 987 4019 τῶν
999 3967 1131 4036 ἀγγέλων
1145 3973 1194 4022 καὶ
1207 3966 1369 4037 εξογγὲλων
1381 3964 1484 4040 ῥήσεις

161 4055 191 4092 ac
209 4044 269 4093 vtde
290 4049 366 4093 ettam
387 4050 466 4102 atoue
486 4044 574 4096 ettam,
597 4055 628 4090 ne
650 4042 698 4089 hoc
715 4054 740 4089 v.
761 4053 851 4101 parurn
872 4041 1032 4090 intellectum
1053 4048 1185 4101 peperertt
1202 4050 1315 4091 monstra
1341 4041 1483 4090 leotronam

162 4119 248 4162 strttm
267 4113 445 4168 memoranda,
466 4111 624 4160 inculcatum
638 4119 726 4159 autem
740 4113 773 4159 stt
785 4124 808 4157 r.
821 4111 953 4169 periodos,
968 4115 1027 4170 outa
1042 4120 1128 4172 aptius
1142 4125 1192 4162 non
1206 4111 1389 4162 succurrebat.
1409 4110 1484 4172 Quae

163 4189 248 4242 enlm,
270 4195 377 4244 quaeso,
398 4186 445 4232 ista
466 4185 597 4244 opposttto
616 4180 768 4241 sententias)
786 4181 939 4240 (periodcst
969 4181 1107 4233 Praeterea
1122 4187 1147 4232 ln
1163 4197 1201 4244 pr.
1221 4182 1300 4232 Preti
1318 4182 1383 4243 outo
1402 4181 1483 4231 tatere

160 4257 265 4304 rtdetur
283 4261 307 4302 et
327 4256 400 4318 quta.
439 4249 501 4313 On.)
524 4276 552 4286 -
572 4252 728 4312 pocrtoicnis
747 4265 810 4298 num
829 4253 852 4298 rt
869 4253 933 4313 quic
951 4264 1017 4301 corr.
1033 4253 1068 4310 P,
1090 4255 1249 4315 pacuviom's
1266 4251 1400 4316 periodos.
1419 4264 1484 4300 num

160 4326 184 4372 rt
203 4328 266 4387 quio
285 4324 342 4376 AF,
360 4323 519 4384 peccotcm'r
535 4324 653 4383 periodis
671 4336 723 4370 non
741 4323 764 4368 rt
782 4321 844 4383 quio
864 4321 898 4377 ll,
918 4326 1076 4382 pocrtvtcnts
1092 4324 1214 4385 periodos
1231 4336 1285 4372 non
1300 4323 1364 4386 quic
1377 4324 1417 4380 ll,
1434 4334 1484 4384 pc·

161 4395 297 4443 ctuotcm'r
314 4394 445 4456 perpodor
464 4407 517 4441 ncn
536 4394 559 4439 st
577 4395 622 4454 qut
640 4392 671 4440 T.
710 4391 793 4441 thcn
813 4396 837 4439 tn
857 4394 912 4440 lstts
931 4406 983 4442 non
1001 4398 1040 4452 rt,
1059 4409 1121 4443 num
1138 4396 1177 4451 rt,
1199 4400 1355 4443 concresse
1375 4396 1482 4455 rerttgte

162 4479 186 4514 v.
206 4466 331 4514 nuntior?
351 4491 381 4499 —
403 4465 445 4513 15.
464 4464 628 4525 poematibus
647 4461 726 4510 ΒΚΤ.
764 4463 797 4511 [Ἰ
816 4463 969 4521 ηοε,ΡΑΤ.
995 4489 1018 4498 -
1053 4466 1096 4517 17.
1116 4463 1395 4514 buturrctPAFltl'r
1425 4463 1484 4512 etue

162 4531 225 4599 (om.
248 4537 295 4596 ret)
323 4536 352 4583 E.
391 4533 427 4592 (tc
446 4534 649 4582 nonrrttttactre
668 4533 702 4591 B,
732 4530 836 4592 Lemb.)
866 4558 893 4567 -
926 4537 993 4582 scire
1019 4549 1071 4584 om.
1096 4535 1192 4584 ΡΑΤΤ.
1237 4535 1289 4586 Nos
1314 4535 1481 4585 tecluttmur.

160 4630 193 4640 -
215 4605 254 4654 18.
273 4606 358 4653 multu
376 4613 400 4655 tc
419 4606 486 4653 scire
505 4603 561 4651 ΒΤ.
601 4603 632 4652 Ut
652 4617 715 4661 nor,
741 4603 862 4652 tetulit.
883 4627 914 4637 -
933 4605 1108 4669 intellegimur
1125 4606 1184 4665 (stc)
1202 4606 1254 4654 FT.
1276 4632 1308 4642 -
1327 4607 1370 4656 20.
1390 4604 1485 4655 scribet

161 4675 200 4732 B,
221 4676 251 4724 l..
274 4698 301 4709 -
321 4676 364 4723 2¹.
383 4674 476 4724 scribet
496 4674 557 4732 BT,
576 4674 606 4722 l..
630 4700 657 4711 -
679 4675 721 4724 28.
741 4669 867 4734 Dicimus]
888 4674 980 4723 Omnes
999 4677 1018 4724 ll
1038 4685 1064 4725 et
1083 4688 1121 4736 pr.
1134 4677 1165 4725 T.
1188 4676 1349 4727 1Permutatr
1368 4681 1438 4727 luter
1454 4688 1483 4725 te

163 4746 318 4804 compendta
333 4746 405 4793 ltmr.
425 4753 452 4795 et
470 4747 540 4794 Ome.
556 4745 648 4799 lim.)
670 4768 697 4778 -
722 4745 805 4808 igitur
823 4743 972 4794 PABFRT:
994 4759 1055 4810 crgo
1070 4746 1100 4794 Ε.
1116 4772 1148 4783 -—
1166 4759 1208 4795 eos
1228 4761 1286 4795 cum
1302 4749 1393 4808 video,
1412 4745 1484 4810 quod

161 4816 270 4866 Aufr:
305 4827 346 4862 cor
364 4821 419 4864 tom
437 4817 494 4865 ideo
513 4818 581 4875 cuod
600 4815 702 4864 corr.P
721 4813 773 4874 (eor
792 4817 820 4863 td
838 4815 906 4878 quod
926 4829 964 4875 pr.
983 4816 1031 4879 P),
1051 4831 1093 4866 eor
1111 4831 1212 4875 omncs,
1229 4816 1288 4867 ideo
1306 4818 1378 4880 quod
1397 4817 1428 4867 ll.
1451 4841 1479 4855 -

160 4886 205 4937 29.
226 4887 314 4950 magis
334 4886 414 4935 etiam
431 4885 581 4935 rentur:
602 4889 682 4938 etiam
699 4889 783 4950 mucis
801 4886 833 4934 E.
857 4908 883 4920 ··
906 4884 948 4935 3².
968 4887 1015 4938 boc
1035 4901 1086 4938 orn.
1108 4887 1139 4939 T.
1161 4912 1190 4926 ›-
1210 4886 1283 4939 Licet
1298 4888 1376 4939 m.
