3232 5392
596 239 674 307 Ltu.
696 238 739 308 11.
783 235 819 306 C.
844 240 896 308 10.
921 241 972 307 17.
1383 239 1446 305 995

126 396 305 490 splendide,
327 401 396 467 sine
415 398 479 468 ullu
500 401 581 466 serie
602 401 846 488 disputationum
868 409 899 468 et
920 399 988 466 siue
1008 399 1115 467 ieiuna
1129 399 1362 466 concertatione
1377 421 1448 467 veru

125 493 252 587 borqm.
297 497 348 562 69.
378 497 448 561 Ηοο
473 494 545 563 Ιοοο
571 516 612 562 ne
633 517 695 583 quu
715 498 756 564 sit
775 494 954 573 admiratio,
985 494 1012 561 si
1035 503 1082 563 tot
1101 501 1321 578 tenummque
1340 513 1448 561 rerum

125 588 212 657 nulle
231 608 250 653 e
271 609 322 655 ιο
342 597 512 676 praecepte
533 598 704 677 ponentur,
738 589 784 655 sie
806 597 925 656 stttno:
961 591 1052 656 Utin
1073 588 1186 655 ceteris
1207 585 1343 664 estibus,
1376 605 1448 656 eum

126 682 240 751 undu
267 683 330 750 siut
356 684 509 772 cuiusque
537 683 614 751 estis
641 683 840 762 difficillima,
874 684 1017 772 relique,
1052 684 1128 773 quin
1156 690 1210 750 uui
1229 681 1372 751 faciliore
1392 700 1449 757 aut

126 777 240 846 similis
260 777 338 853 siut,
359 778 441 845 trudi
461 798 525 846 uon
546 788 673 847 ueoesse
695 798 779 859 esse;
807 789 842 846 nt
862 777 896 845 in
916 780 1056 865 picture,
1079 782 1134 867 qui
1154 783 1291 851 bominis
1311 779 1471 867 speeiems

125 873 258 962 pingere
280 871 501 959 perdidicerit,
524 893 620 958 posse
640 894 714 942 enm
735 873 873 940 cuiusvis
894 872 944 939 vel
964 875 1087 940 formae
1107 878 1159 942 vel
1177 881 1303 954 senos,
1324 875 1449 942 etiamsi

125 989 191 1037 nou
211 966 375 1044 didicerit,
409 966 539 1055 pingere
567 989 671 1058 neque
699 989 768 1035 esse
797 967 989 1056 periochem,
1026 971 1081 1056 qui
1101 969 1227 1039 leonem
1248 982 1303 1040 uut
1323 979 1449 1040 murum

125 1066 235 1153 pinget
255 1062 397 1149 egregie,
419 1084 460 1128 ue
480 1061 564 1129 idem
585 1065 618 1130 iu
640 1062 744 1130 multis
766 1062 835 1129 ullis
857 1060 1112 1149 quadrupedibus
1132 1067 1238 1134 iecere
1252 1087 1316 1135 nou
1330 1065 1446 1152 possit:

129 1157 241 1246 (oeque
263 1165 311 1223 est
332 1158 460 1224 omniuo
482 1177 533 1223 ers
554 1157 636 1233 ulle,
658 1160 690 1224 iu
712 1178 774 1243 qne
794 1159 920 1234 omniu,
943 1178 1024 1245 quae
1045 1157 1099 1224 ills
1119 1169 1188 1227 crte
1208 1160 1291 1228 effici
1305 1167 1447 1248 possum,

127 1273 145 1319 e
168 1255 298 1319 doctore
320 1254 497 1331 trudantur;
531 1250 585 1318 sed
609 1252 664 1339 qui
684 1255 859 1336 primorum
882 1262 913 1317 et
934 1261 1093 1319 certarum
1113 1274 1221 1321 rerum
1243 1275 1360 1342 genere
1381 1253 1489 1340 ipsau

128 1346 321 1423 didicerunt,
344 1344 466 1432 relique
480 1366 543 1413 nou
563 1344 761 1413 incommode
775 1346 1037 1434 persequuntur):
1069 1350 1121 1412 70.
1147 1349 1289 1416 similiter
1310 1350 1451 1415 arbitror

127 1446 160 1510 ln
188 1444 247 1507 hnc
273 1440 340 1507 sive
369 1439 490 1506 ratione
518 1442 587 1507 sive
614 1443 837 1508 exercitatione
866 1438 1011 1516 dicendi,
1045 1443 1099 1526 qui
1122 1440 1206 1508 illem
1228 1445 1292 1511 uim
1315 1446 1449 1528 adeptus

127 1536 184 1612 sit,
205 1542 241 1599 ut
262 1550 371 1601 eorum
392 1542 529 1609 mentes,
551 1537 605 1622 qui
626 1545 681 1601 sut
701 1539 742 1602 de
764 1557 800 1601 re
821 1533 945 1622 publicu
967 1543 1022 1605 aut
1043 1533 1082 1599 de
1104 1535 1202 1624 ipsius
1222 1537 1319 1606 rebus
1341 1546 1396 1604 aut
1409 1541 1450 1604 de

127 1633 184 1705 iis,
217 1634 328 1695 contra
354 1648 435 1714 quos
464 1637 518 1694 sut
545 1649 603 1717 pru
626 1629 740 1717 quibus
762 1628 867 1707 dicut,
902 1650 973 1695 cnm
996 1628 1098 1716 ulique
1119 1635 1275 1698 stutueudi
1295 1640 1450 1719 potestate

127 1723 274 1800 rudiunt,
311 1720 351 1789 nd
379 1743 469 1789 suum
498 1721 662 1790 arbitrium
682 1742 812 1790 morere
841 1723 958 1811 possit,
989 1726 1073 1789 huuc
1101 1727 1140 1791 de
1169 1734 1234 1791 toto
1255 1729 1309 1794 illu
1332 1747 1448 1814 genere
1457 1743 1486 1785 1⁵

127 1817 320 1905 reliquorum
353 1817 532 1884 orationum
565 1838 628 1884 uon
658 1818 728 1907 plus
761 1818 973 1905 quaesiturum
996 1839 1085 1894 esse,
1119 1820 1195 1906 quid
1218 1820 1320 1899 dicut,
1354 1844 1449 1910 quem

126 1911 313 1998 Polyclitum
341 1911 447 1988 illum,
481 1933 551 1977 oum
580 1912 750 1979 Remulum
777 1911 930 1997 fingebat,
963 1916 1228 1998 quemadmodum
1253 1919 1368 2002 pellem
1397 1924 1450 1982 out

127 2009 260 2094 hydrum
281 2005 430 2092 tingeret,
453 2005 574 2071 etiamsi
594 2006 673 2072 bueo
693 2027 854 2095 nunquam
874 2006 1042 2093 seperatim
1062 2007 1169 2074 lucere
1191 2008 1360 2076 didicisset.

211 2102 310 2168 xvu.
340 2102 391 2165 71.
421 2104 502 2165 Tum
524 2100 666 2167 Catulus:
691 2101 854 2167 Praeclare
875 2100 953 2167 mibi
973 2101 1104 2179 videris,
1130 2103 1265 2181 dutoui,
1288 2107 1446 2188 posuisse,

126 2196 244 2283 iuquit,
267 2203 338 2261 unte
359 2192 483 2272 oeulos,
505 2194 580 2280 quid
592 2197 715 2261 discere
730 2203 890 2284 oporteret
911 2217 998 2271 eum,
1021 2199 1075 2284 qni
1090 2205 1198 2264 oretur
1214 2207 1296 2265 esset
1309 2201 1446 2279 iuturus,
1458 2219 1488 2261 ss

128 2289 223 2380 quid,
256 2289 377 2355 etiamsi
398 2309 462 2355 uon
485 2289 662 2367 didicisset,
694 2310 736 2356 ex
757 2310 814 2366 eo,
845 2293 930 2378 quod
952 2289 1129 2369 didicisset,
1161 2303 1344 2363 assumeret.
1388 2300 1450 2362 Βο·

128 2384 245 2454 duxisti
276 2385 360 2449 enim
389 2390 490 2450 totum
519 2385 678 2450 homiuem
704 2385 737 2449 ln
764 2383 828 2451 duo
856 2405 974 2469 genere
1000 2387 1104 2452 solum
1124 2406 1309 2466 enuserum,
1346 2399 1450 2458 cetera

127 2477 367 2547 innumerabilis
395 2475 611 2543 exercitationi
641 2485 673 2543 st
698 2477 893 2544 similitudini
921 2479 1088 2566 reliquisti.
1133 2480 1195 2547 Sed
1223 2483 1315 2560 ride,
1353 2506 1392 2551 nu
1414 2487 1448 2550 iu

128 2576 195 2643 istis
216 2571 340 2639 duobus
361 2573 531 2655 generibus
559 2570 659 2658 bydrn
687 2574 745 2638 tibi
772 2572 813 2639 sit
833 2581 866 2638 et
885 2571 999 2657 pellis,
1036 2574 1188 2640 Hercules
1209 2584 1314 2643 nutem
1334 2586 1367 2644 et
1387 2578 1448 2646 ulis

128 2689 225 2758 opere
244 2668 367 2734 mniors
387 2687 428 2732 ue
448 2667 481 2732 in
503 2665 564 2731 illis
585 2664 699 2742 rebus,
731 2689 810 2753 ques
830 2667 1071 2754 pnetermittis,
1106 2668 1333 2757 relinquuntur.
1378 2677 1486 2739 Nouss

128 2764 212 2831 enim
234 2759 312 2826 mibi
334 2759 438 2827 minus
459 2758 566 2846 operis
587 2761 711 2826 videtur
737 2763 778 2826 de
798 2761 953 2829 universis
974 2760 1144 2848 generibus
1163 2784 1271 2830 rerum
1293 2786 1386 2852 quum
1408 2770 1448 2833 de

127 2857 322 2944 singulorum
352 2855 472 2932 censis,
507 2877 544 2920 uc
570 2854 670 2921 multo
700 2857 795 2920 etiem
821 2858 921 2922 rusius
943 2859 985 2922 de
1005 2865 1117 2923 nutura
1138 2861 1271 2926 deornm
1293 2879 1386 2949 mum
1408 2866 1449 2929 de

127 2952 292 3022 bominum
313 2948 419 3016 litibus
442 2948 558 3015 dicere.
602 2953 671 3015 Non
693 2956 741 3014 est
760 2948 820 3026 ite,
844 2949 1123 3036 inquitdutouius.
1167 2954 1219 3019 79.
1241 2957 1348 3020 [ticum
1363 2955 1446 3023 enim

128 3047 200 3121 tibi,
234 3043 361 3121 Cubile,
395 3063 459 3110 nou
489 3052 553 3109 tem
581 3040 692 3109 doctus
723 3064 839 3128 quum,
875 3043 907 3109 id
936 3047 1023 3131 quod
1054 3053 1102 3111 est
1134 3047 1252 3125 meins,
1290 3060 1447 3135 expertus.

129 3139 276 3208 Omnium
306 3146 479 3204 ceterarum
510 3157 618 3204 rerum
646 3136 770 3212 oratio.
803 3136 1023 3214 mihicrede,
1055 3138 1147 3206 ludus
1175 3149 1224 3207 est
1243 3141 1363 3209 bomini
1384 3162 1487 3210 nourr

127 3234 237 3304 hebeti
256 3253 360 3320 neque
381 3232 587 3299 inexercitato
609 3251 712 3318 neque
733 3235 946 3298 communium
966 3232 1141 3300 litterarum
1162 3241 1194 3300 et
1213 3236 1370 3323 politioris
1391 3237 1450 3305 bu·

128 3328 286 3398 munitatis
318 3327 462 3414 experti:
492 3326 526 3391 iu
558 3346 721 3391 sensurum
757 3327 1009 3393 contentionibus
1040 3348 1188 3414 maguum
1214 3339 1262 3395 est
1289 3334 1449 3418 quoddam

130 3447 209 3513 opus
239 3433 334 3510 utque
353 3423 437 3486 bend
458 3420 555 3487 scium
576 3441 616 3484 en
647 3423 687 3486 de
716 3419 859 3487 bumeuis
887 3419 1039 3506 operibus
1066 3424 1161 3507 louge
1191 3426 1383 3504 maximum
1415 3426 1450 3493 iu

129 3520 244 3608 qulbus
272 3517 319 3584 uis
344 3515 480 3582 oratoris
508 3514 696 3601 plerumque
723 3519 765 3582 ub
785 3515 937 3603 imperitis
959 3517 1045 3581 exitu
1066 3528 1098 3584 et
1117 3518 1250 3585 victorin
1271 3521 1445 3600 iudicaturi

128 3613 184 3680 nbi
206 3611 295 3680 ndest
313 3619 449 3678 ermstus
470 3609 687 3686 sdversarius,
718 3610 772 3698 qui
794 3611 835 3676 sit
856 3618 888 3676 et
909 3608 1069 3676 feriendus
1091 3618 1123 3675 et
1143 3611 1362 3698 repellendus;
1394 3613 1486 3681 ubios

129 3730 222 3796 seepe
243 3709 291 3784 is,
325 3705 379 3793 qui
400 3705 448 3772 rei
469 3705 616 3772 domiuus
645 3702 768 3771 iuturus
796 3712 862 3781 est,
897 3703 1015 3770 ebenus
1043 3712 1137 3791 utque
1157 3705 1255 3773 iratus
1278 3711 1446 3774 autetiam

128 3803 247 3870 amicus
267 3799 446 3868 edversario
466 3808 498 3866 et
517 3798 662 3866 iuimicus
683 3802 741 3865 tibi
763 3808 831 3878 est;
854 3819 925 3864 eum
947 3807 1001 3864 eut
1021 3797 1182 3865 docendus
1203 3802 1230 3865 is
1252 3812 1300 3867 est
1319 3811 1373 3868 sut
1394 3807 1448 3869 de·

129 3899 290 3964 docendus
317 3904 370 3961 eut
396 3893 614 3981 reprimendus
643 3903 698 3960 rut
725 3891 899 3960 iuelteadus
926 3900 980 3958 eut
999 3895 1086 3959 omui
1107 3897 1228 3960 ratione
1246 3900 1288 3980 ud
1309 3905 1443 3983 tempus,

130 3994 170 4057 ud
190 4011 316 4058 musam
337 3991 480 4055 oratioue
501 3992 734 4067 moderandum
769 3991 801 4054 iu
823 4007 887 4075 quo
908 4007 1002 4072 ssepe
1023 3987 1241 4055 benevolentis
1263 3992 1303 4055 ud
1325 3991 1444 4068 odium,

198 4266 225 4316 1.
244 4265 301 4315 stus
317 4286 328 4299 ·
345 4287 357 4301 ·
374 4262 587 4326 disputationum
604 4275 657 4315 orn.
677 4262 755 4316 1.-
775 4265 802 4316 9.
817 4269 945 4327 putentur
962 4259 1062 4312 1Β.-
1082 4262 1110 4314 5.
1128 4261 1227 4313 stusdto
1243 4267 1304 4312 sust
1322 4259 1353 4312 lt.
1386 4261 1449 4313 Post

129 4335 229 4387 similis
245 4337 299 4385 stut
317 4340 442 4396 repetunt
459 4346 500 4385 rt.
521 4335 645 4399 tutusque
660 4335 728 4385 ortis
746 4333 804 4387 ΑΒ.
825 4358 854 4371 -
882 4334 1015 4383 bominum
1032 4332 1063 4383 Β.
1094 4355 1124 4368 -
1151 4333 1179 4384 9.
1194 4332 1298 4395 possint
1316 4332 1393 4383 ΑΒΒ.
1414 4357 1448 4368 -

129 4408 173 4457 10.
191 4406 238 4457 sed
255 4405 324 4456 uelut
341 4406 388 4469 qus·
405 4404 437 4454 Β.
452 4427 483 4440 -
503 4410 650 4454 ceterorum
668 4406 700 4455 Α.
717 4431 745 4442 -
765 4409 809 4457 11.
828 4404 928 4467 ruitque
942 4417 991 4467 prr
1008 4414 1036 4452 se
1052 4401 1206 4461 bieuuttus,
1227 4401 1401 4454 iieudrbseu.
1416 4428 1448 4441 -

129 4491 183 4528 nost
199 4475 361 4527 incommode
379 4489 431 4526 om.
451 4473 507 4525 ΒΒ.
523 4500 553 4512 -
572 4482 763 4539 persequuntur
780 4476 812 4526 Β.
827 4497 858 4509 -
878 4475 922 4527 15.
939 4470 1016 4537 bunc]
1034 4474 1111 4523 ttluus
1129 4472 1160 4522 Β.
1178 4498 1211 4508 -
1230 4471 1274 4522 17.
1294 4473 1450 4539 Polyclitum

131 4547 215 4598 Codd.
235 4548 291 4598 at:
312 4546 468 4608 Poiuotstusn
488 4541 531 4605 (B)
549 4545 606 4596 ΒΒ.
627 4569 658 4581 -
688 4545 732 4596 19.
750 4546 887 4609 posuisse,
916 4546 1017 4608 inquit,
1043 4549 1106 4592 oute
1122 4542 1168 4593 ΑΒ
1186 4543 1304 4607 elttques
1332 4547 1450 4608 posuisse

129 4626 192 4670 onte
209 4617 264 4669 ΒΒ.
283 4640 318 4655 -
346 4617 389 4665 91.
407 4622 548 4666 assumeret
568 4616 627 4667 libri
647 4621 751 4679 prester
768 4629 868 4668 onumr
894 4628 1023 4666 summm
1040 4614 1103 4664 Pru.
1124 4617 1213 4672 cont..
1235 4619 1267 4664 ut
1284 4614 1329 4680 ις.
1352 4615 1395 4664 et.
1418 4639 1448 4652 -

130 4689 173 4739 91.
192 4701 290 4751 penem
306 4685 392 4737 sotum
403 4686 448 4736 ΑΒ
460 4686 575 4748 sitique,
595 4687 637 4736 tt:
656 4685 742 4736 solues
754 4699 850 4748 omero
862 4687 893 4737 Β.
907 4709 940 4721 -
957 4685 990 4735 v.
1004 4697 1148 4734 eousuruus
1160 4684 1268 4737 seriustt
1285 4686 1398 4740 Ellendt.
1415 4710 1450 4721 -

130 4757 252 4810 9991111
271 4756 354 4808 codd.
374 4757 513 4809 meliores:
532 4754 775 4819 υίαοῐο(ΑΒ)ΒΒ.
798 4784 827 4795 -
847 4756 877 4807 tn
894 4754 1040 4808 om.P.-
1057 4754 1336 4808 9519105111.-
1361 4762 1450 4807 eutem
1504 4813 1511 4830 ι

131 4843 182 4881 om.
197 4829 230 4880 Β.
245 4852 276 4864 -
295 4828 338 4879 95.
356 4840 389 4877 ns
407 4834 465 4889 post
482 4828 585 4878 mutum
604 4839 656 4878 om.
668 4826 724 4877 ΑΒ.
740 4851 772 4863 -
791 4827 834 4878 91.
854 4829 884 4878 to
900 4826 1087 4878 mrettottooe
1099 4826 1154 4877 ΑΒ.
1168 4850 1201 4862 -
1219 4839 1302 4892 mus
1320 4839 1373 4879 om.
1392 4826 1448 4880 att.

130 4920 164 4938 -
182 4898 227 4951 99..
246 4905 352 4964 superte
369 4897 401 4949 Β.
422 4921 454 4937 ·-
471 4896 517 4950 95.
534 4898 569 4949 stt
584 4898 737 4966 sffsrtsndus
755 4896 813 4964 (ste)
829 4897 885 4949 ΑΒ.
904 4921 939 4935 -
955 4895 1000 4949 to.
1019 4895 1140 4950 misus
1157 4901 1197 4949 stt
1212 4894 1320 4966 (surus
1335 4901 1374 4950 est
1388 4896 1435 4949 lb·
