3216 5400
45 214 48 225 ’
163 226 205 290 32
677 224 730 290 ΑΙ)
753 225 985 289 HERENNIUM

165 382 204 449 de
226 403 265 449 eo
287 382 500 468 argumentari
522 388 553 447 et
573 381 699 469 plenum
722 384 826 449 lacere
847 382 962 449 iactum
984 403 1068 462 esse;
1091 402 1161 447 nam
1177 381 1208 449 id
1226 377 1366 467 [tantum]
1383 383 1495 468 augeri

101 472 106 484 '
164 485 300 564 oportet.
344 480 421 541 ltem
443 476 590 543 vitiosum
611 479 711 544 estid
733 500 866 563 augere,
889 477 974 565 quod
995 477 1142 543 convenit
1156 475 1278 550 doceri,
1300 483 1362 546 hoc
1376 484 1491 546 modo:

165 583 199 637 ut
221 571 247 636 si
270 571 340 659 quis
362 592 455 659 quem
477 582 588 656 arguat
613 573 772 640 bominem
802 572 954 640 occidisse
981 581 1029 647 et,
1062 581 1229 658 antequam
1260 575 1333 639 satis
1363 573 1494 640 idoneas

164 667 450 751 argumentationes
477 666 630 740 attulerit,
663 679 775 753 augeat
801 676 959 754 peccatum
986 676 1017 732 ct
1039 672 1121 732 dicat
1143 666 1220 732 nibil
1241 666 1401 752 indignius
1424 688 1494 734 esse

141 779 257 846 squam
279 761 438 826 bominem
461 760 616 827 occidere.
660 767 730 828 Non
752 762 853 836 enim,
880 771 986 827 utrum
1007 761 1170 847 indignum
1191 761 1247 836 sit,
1270 782 1310 827 an
1332 782 1413 841 non,
1437 760 1493 828 sed

163 853 320 920 factumne
342 854 396 931 sit,
419 858 590 943 quaeritur.

226 948 411 1035 Complexio
433 951 545 1017 vitiosa
566 962 630 1028 est,
668 974 748 1039 quae
776 973 855 1026 nou,
892 958 927 1015 ut
955 949 1103 1038 quodque
1124 955 1262 1038 primum
1285 953 1402 1021 dictum
1425 962 1492 1027 est,

161 1042 298 1129 primum
319 1043 537 1130 complectitur
558 1056 589 1111 et
610 1068 691 1134 quae
713 1069 776 1113 non
798 1045 937 1112 breviter
958 1045 1115 1113 concludit
1135 1058 1166 1112 et
1188 1070 1267 1135 quae
1282 1071 1346 1116 non
1361 1071 1401 1115 ex
1417 1069 1493 1114 enu-

160 1142 335 1203 meratione
367 1149 486 1204 certum
520 1148 551 1204 et
581 1150 725 1207 constans
754 1140 873 1228 aliquid
900 1139 1066 1227 relinquit,
1104 1150 1140 1208 ut
1166 1143 1376 1229 intelligatur,
1415 1141 1491 1227 quid

124 1233 357 1320 repropositum
380 1233 413 1297 in
434 1237 703 1321 argumentatione
726 1236 782 1312 sit,
819 1234 895 1323 quid
924 1234 1036 1299 deinde
1056 1236 1196 1316 ratione,
1229 1238 1305 1326 quid
1326 1237 1493 1306 confirma·

160 1327 266 1405 tione,
290 1328 364 1415 quid
388 1338 450 1394 tota
472 1332 743 1414 argumentatione
765 1330 1021 1395 demonstratum.

244 1426 345 1488 XXX.
368 1427 420 1492 e7.
445 1426 682 1501 Conclusiones‚
715 1445 795 1511 quae
824 1423 908 1509 apud
938 1427 1075 1489 Graecos
1098 1427 1247 1510 ἐπίλογοι
1269 1433 1491 1503 nominantur,

162 1515 337 1602 tripartitae
359 1526 441 1583 suut.
487 1523 563 1584 Nam
586 1528 728 1586 constant
749 1540 790 1582 ex
812 1517 1064 1594 enumeratione,
1090 1520 1331 1606 amplificatione
1352 1533 1384 1588 et
1405 1544 1493 1589 com·

160 1611 372 1679 miseratione.
420 1611 467 1698 [ln
499 1622 646 1701 quattuor
676 1614 752 1680 locis
779 1612 825 1678 uti
854 1632 1021 1698 possumus
1048 1613 1318 1681 conclusionibus:
1353 1621 1384 1682 iu
1406 1617 1493 1703 prin-

122 1733 150 1774 ιε
161 1707 259 1792 cipio,
292 1705 463 1773 secuudum
485 1708 712 1784 narrationem,
746 1706 916 1773 secundum
938 1704 1148 1772 firmissimam
1169 1712 1486 1792 argumentationem,

160 1801 192 1866 in
214 1800 437 1885 conclusione]
483 1803 686 1868 Enumeratio
708 1811 770 1877 est,
792 1821 961 1888 perquam
983 1800 1159 1887 colligimus
1182 1815 1214 1869 et
1235 1824 1489 1885 commonemus,

163 1892 277 1981 quibus
299 1894 338 1960 de
360 1900 455 1963 rebus
478 1896 574 1964 verba
596 1885 779 1971 lecerimus,
806 1895 965 1967 breviter,
992 1903 1028 1959 ut
1049 1907 1237 1976 renovetur,
1269 1921 1332 1966 non
1353 1900 1492 1967 redinte-

160 1999 269 2076 gretur
290 1989 410 2069 oratio;
446 2000 477 2057 et
498 1991 627 2069 ordine,
661 1990 814 2080 quidquid
837 1989 897 2055 erit
918 1988 1050 2065 dictum,
1080 1993 1265 2070 referimus,
1293 2003 1328 2059 ut
1349 1995 1489 2073 auditor,

160 2082 187 2149 si
209 2084 382 2150 memoriae
404 2085 613 2162 mandaverit,
645 2086 755 2160 adid,
789 2084 873 2172 quod
902 2083 970 2169 ipse
1000 2085 1193 2163 meminerit,
1229 2092 1411 2157 reducatur.
1454 2093 1490 2155 Iu

122 2198 221 2266 uqna
251 2184 423 2245 curandum
452 2190 511 2256 est,
549 2202 589 2247 ne
619 2189 672 2247 aut
701 2179 741 2245 ab
764 2178 897 2245 exordio
919 2188 972 2243 aut
993 2199 1012 2243 a
1033 2181 1212 2247 narratione
1235 2193 1396 2269 repetatur
1417 2204 1491 2250 ora-

160 2272 254 2338 tionis
276 2274 482 2341 euumerutio.
528 2277 621 2340 Facta
650 2279 733 2340 enim
762 2283 794 2339 et
822 2272 926 2339 dedita
953 2293 1049 2358 opera
1077 2286 1254 2361 comparata
1278 2279 1381 2344 oratio
1402 2278 1491 2345 vido-

158 2365 245 2434 bitur
266 2389 334 2433 esse
359 2367 432 2452 [aut]
456 2368 581 2434 artiticii
601 2367 795 2454 significandi
820 2365 894 2451 [aut]
929 2366 1044 2451 ingenii
1065 2368 1245 2435 venditandi
1270 2368 1343 2455 [ant]
1368 2393 1490 2438 memo-

158 2462 227 2528 riae
259 2463 460 2529 ostentandae
491 2485 595 2529 causa.
642 2466 844 2549 Quapropter
871 2460 992 2527 initium
1021 2463 1273 2530 enumerationis
1302 2467 1489 2532 sumendum

158 2565 207 2622 est
233 2578 251 2623 u
282 2555 446 2623 divisione.
498 2557 619 2624 Deinde
650 2558 762 2623 ordine
793 2554 932 2623 breviter
962 2562 1167 2642 exponendae
1200 2580 1252 2624 res
1283 2569 1369 2637 sunt,
1408 2582 1490 2645 quae

121 2658 308 2716 retractatae
331 2661 423 2717 erunt
444 2651 476 2717 in
499 2651 735 2717 confirmatione
757 2660 788 2716 et
810 2649 1033 2717 contutatione.
1077 2651 1284 2738 Amplificntio
1313 2664 1374 2729 est,
1407 2676 1489 2741 quae

158 2767 217 2834 per
238 2744 340 2812 locum
364 2765 562 2812 communem
585 2744 793 2831 instigationis
815 2744 993 2810 auditorum
1016 2764 1109 2810 eausa
1125 2746 1268 2811 sumitur.
1312 2746 1387 2813 Loci
1403 2768 1490 2814 com-

158 2862 269 2908 munes
290 2862 332 2906 ex
353 2839 462 2905 decem
485 2843 660 2927 praeceptis
687 2837 941 2904 commodissime
966 2846 1131 2903 sumuntur
1152 2839 1328 2924 adaugendi
1350 2841 1488 2906 criminis

159 2955 261 3000 causa.
304 2938 355 3002 48.
378 2933 499 2998 Primus
521 2932 609 2998 locus
631 2933 765 2998 sumitur
786 2935 824 2995 ab
851 2931 1052 3006 auctoritate,
1088 2954 1158 2998 cum
1182 2955 1485 3012 commemoramus,

158 3035 293 3114 quantae
314 3046 408 3092 curae
429 3047 467 3092 ea
488 3046 538 3092 res
559 3025 654 3091 luerit
674 3025 734 3091 diis
756 3024 984 3091 immortalibus
1006 3034 1059 3090 aut
1080 3028 1254 3095 maioribus
1275 3029 1406 3106 nostris,
1436 3050 1486 3095 re·

119 3126 266 3207 regibus,
298 3119 491 3196 civitatibus,
523 3119 718 3195 nationibus,
747 3117 928 3185 hominibus
949 3120 1203 3205 sapientissimis,
1233 3124 1365 3191 senatui.
1407 3127 1486 3189 Item

157 3215 312 3290 maxime,
347 3235 410 3300 quo
438 3213 534 3281 modo
556 3213 596 3279 de
617 3213 665 3279 bis
687 3212 781 3279 rebus
803 3211 924 3298 legibus
945 3214 1097 3280 sancitum
1119 3217 1169 3287 sit,
1214 3217 1377 3284 Secundus
1397 3218 1486 3284 locus

158 3318 222 3386 est,
245 3329 316 3374 eum
337 3308 590 3382 consideramus,
620 3307 692 3373 illae
715 3328 779 3381 res,
813 3305 852 3371 de
874 3303 987 3393 quibus
1009 3309 1226 3387 criminamur,
1249 3311 1288 3377 cd
1311 3335 1391 3398 quos
1413 3333 1487 3396 per

157 3403 292 3484 tineant;
326 3412 431 3470 utrum
459 3403 500 3469 ud
529 3423 654 3474 omnes,
688 3401 775 3487 quod
802 3402 1030 3469 atrocissimum
1058 3413 1121 3482 est,
1158 3426 1197 3471 en
1226 3412 1265 3472 ad
1288 3407 1484 3494 superiores,

157 3503 242 3586 quod
265 3518 363 3582 genus
385 3499 407 3564 ii
428 3505 517 3574 sunt,
551 3495 704 3584 aquibus
733 3493 925 3562 auctoritatis
955 3496 1042 3563 locus
1064 3503 1238 3566 communis
1260 3506 1408 3580 sumitur;
1445 3522 1486 3567 un

117 3592 197 3660 asad
218 3613 325 3680 pares,
347 3592 408 3658 boc
429 3603 495 3671 est,
519 3595 552 3657 in
573 3593 692 3659 eisdem
714 3591 855 3678 partibus
877 3591 990 3668 animi,
1015 3598 1176 3680 corporis,
1207 3593 1405 3662 fortunarum
1427 3616 1486 3679 po·

156 3686 250 3767 ritos;
284 3708 324 3752 an
352 3687 392 3753 ud
422 3686 604 3764 interiores,
640 3687 694 3774 qui
722 3687 867 3752 omnibus
896 3683 944 3749 bis
966 3683 1060 3750 rebus
1081 3688 1317 3755 antecelluutur.
1361 3689 1485 3754 Tertius

155 3781 245 3849 locus
267 3790 333 3858 est,
363 3804 426 3870 quo
450 3793 685 3870 percontamur,
716 3780 792 3868 quid
813 3780 854 3845 sit
875 3788 1078 3857 eventurum,
1101 3782 1128 3847 si
1150 3781 1295 3849 omuibus
1309 3781 1392 3847 idem
1409 3804 1485 3849 con-

156 3876 299 3954 cedatur,
323 3885 368 3953 et,
391 3898 428 3943 ea
443 3899 479 3943 re
501 3877 659 3962 neglecta,
684 3875 893 3950 ostendimus,
918 3874 992 3962 quid
1015 3876 1228 3963 periculorum
1250 3888 1342 3964 atque
1364 3877 1484 3943 incom-

154 3974 323 4041 modorum
345 3982 565 4060 consequatur.
611 3976 747 4050 Quartus
769 3970 856 4036 locus
883 3981 945 4044 est,
978 3991 1042 4056 quo
1071 3970 1317 4048 demonstratur,
1354 3971 1381 4036 si
1410 3972 1485 4038 bnic

154 4070 195 4138 sit
216 4068 398 4147 remissum,
420 4069 536 4135 multos
558 4067 724 4134 alacriores
745 4065 785 4131 ad
806 4062 957 4130 maleficia
977 4062 1119 4143 futuros,
1147 4086 1227 4154 quos
1248 4065 1350 4131 adhuc
1371 4085 1485 4152 exspe-

224 4333 251 4382 t.
270 4337 376 4380 tontum
393 4341 446 4382 om.
459 4327 581 4377 PABFR.
619 4327 672 4378 Nos
691 4326 854 4378 seelustmus.
876 4349 904 4361 -
925 4323 953 4374 7.
971 4324 1086 4388 quidque
1104 4322 1127 4374 Α
1146 4330 1174 4375 et
1191 4337 1258 4375 corr.
1273 4324 1305 4375 P.
1327 4347 1356 4360 -
1375 4324 1403 4375 8.
1422 4327 1481 4387 prt-

153 4397 517 4463 mompsuestenum
537 4395 591 4462 (tite
603 4401 630 4448 tn
645 4396 763 4460 terune),
784 4396 815 4445 L.
834 4420 868 4429 —
886 4395 1053 4444 concluditur
1070 4394 1192 4446 uteru.
1214 4421 1245 4432 -
1265 4396 1310 4446 1³.
1331 4396 1483 4460 tripertitae

153 4472 215 4534 PT,
235 4472 266 4522 E.
304 4472 359 4528 (Ste
373 4469 498 4537 ubique.)
511 4494 542 4504 -
563 4469 675 4521 te-to.
697 4469 783 4520 verne
797 4467 899 4516 seclusa
917 4479 968 4515 orn.
984 4466 1022 4524 Τ,
1042 4479 1081 4529 pr.
1097 4466 1174 4518 Letd.
1190 4469 1212 4517 l.
1228 4467 1303 4516 Voss.
1317 4465 1353 4514 ll.
1392 4467 1481 4517 Ceteri

155 4548 236 4595 nostrl
256 4551 369 4594 servunt.
391 4567 422 4580 -
453 4542 496 4591 18.
516 4547 545 4590 ut
569 4539 697 4604 quidquid
722 4538 775 4588 ΡΤ.
799 4562 833 4572 -
860 4534 998 4597 referimus
1018 4538 1051 4595 Ρ,
1071 4537 1109 4596 L,
1134 4538 1215 4588 seba
1246 4535 1392 4597 reseramus
1416 4537 1480 4596 ΤΕ,

153 4615 291 4676 reseremus
308 4613 408 4663 etue.
430 4639 460 4650 -
488 4611 533 4662 tu.
550 4613 583 4660 lu
602 4626 653 4675 quu
672 4609 734 4668 BT,
755 4609 791 4658 L:
812 4606 1017 4657 isemerinus.
1039 4633 1068 4644 ·-
1089 4608 1132 4657 et.
1152 4610 1215 4673 fietu
1232 4606 1355 4659 PBFRT.
1378 4634 1406 4645 -
1434 4609 1479 4658 22.

154 4683 216 4734 'frte
230 4685 296 4735 beec
312 4692 375 4743 out,
396 4698 463 4749 quee
482 4683 653 4737 seclusimus,
675 4693 726 4731 non
748 4683 901 4739 rumperent
919 4681 946 4727 tn
965 4677 1026 4736 ΡΑ,
1045 4690 1094 4727 nec
1114 4681 1139 4728 tu
1160 4679 1197 4739 B,
1219 4681 1264 4743 qut
1284 4677 1365 4728 hebet
1383 4684 1408 4726 et
1424 4691 1480 4728 me-

153 4757 270 4811 moriae,
298 4768 386 4818 neque
414 4759 440 4806 tn
464 4754 550 4813 PRT,
579 4756 624 4817 qut
650 4752 749 4803 hebent
772 4750 919 4811 ingentique
937 4774 949 4785 ·
966 4774 977 4785 -
1004 4756 1028 4799 et
1047 4752 1198 4801 memoriae.
1223 4773 1257 4783 -
1287 4748 1330 4798 25.
1350 4761 1392 4798 ree
1417 4755 1480 4799 eunt

154 4824 281 4883 PABFT:
307 4832 367 4875 eunt
392 4839 434 4877 ree
455 4826 511 4876 RF..
541 4851 571 4861 -
598 4826 643 4874 25.
664 4830 700 4871 err
719 4834 760 4870 rer
777 4832 843 4884 quoe
861 4817 937 4870 ΑΡΡ.
962 4844 996 4857 -··
1028 4819 1072 4870 27.
1093 4827 1227 4872 sumentur
1245 4818 1298 4870 PT.
1326 4844 1356 4855 -
1384 4818 1431 4870 34.
1451 4819 1480 4872 u·

154 4895 299 4953 PABPRT.
321 4921 349 4935 -
371 4896 414 4948 88.
434 4897 598 4950 ostendemus
615 4892 762 4947 ebenus.
