3232 5392
172 204 215 272 68
674 207 728 270 Ab
750 207 987 274 HERENNIUhi

172 375 241 433 tuas
262 366 382 432 omitto.
424 366 510 430 ilaec
531 367 615 430 utilis
638 375 685 431 est
707 369 890 445 exornatio,
912 370 939 432 si
960 375 1014 432 aut
1035 388 1120 441 rem,
1143 389 1236 454 qaam
1251 389 1318 433 non
1333 369 1487 455 pertineat

171 460 240 525 aliis
262 462 448 535 ostendere,
473 459 594 526 occulte
615 464 813 527 admonuisse
835 466 964 548 prodest
983 469 1038 528 aut
1059 464 1085 527 si
1107 462 1234 546 longum
1257 473 1305 528 est
1327 471 1380 527 aut
1401 465 1488 548 igno-

170 556 234 620 hile
256 562 308 620 aut
328 553 455 639 pianum
475 575 540 620 non
561 563 665 641 potest
685 553 754 621 lieri
775 565 828 621 aut
850 556 940 622 iacile
961 567 1064 644 potest
1085 561 1297 644 reprehendi,
1327 566 1361 622 ut
1382 560 1486 622 utilius

170 652 210 714 sit
231 649 350 714 occulte
371 650 482 715 secisse
504 652 714 736 suspicionem
735 672 829 738 qnam
844 652 999 716 eiusmodi
1020 651 1192 718 intendisse
1207 656 1383 729 actionem,
1408 672 1485 738 quae

147 748 384 829 credarguatur.

251 840 423 904 Disiunctio
445 846 507 916 est,
530 860 600 906 cum
624 861 753 914 eorum,
781 843 820 905 de
842 842 956 928 quibus
978 842 1134 917 dicimus,
1169 849 1224 906 aut
1246 848 1413 927 utrumque
1434 849 1486 907 aut

167 955 263 1001 unum
285 938 431 1022 qnodque
454 942 539 999 certo
562 935 757 1000 conciuditur
777 938 894 1011 verbo,
916 939 984 1000 sic:
1009 935 1146 1022 Populus
1167 941 1327 1001 Romanas
1349 940 1486 1002 Numan·

166 1033 240 1095 tiam
263 1030 394 1105 delevit,
418 1031 640 1112 Karthaginem
655 1028 793 1105 sustulit,
819 1030 1002 1095 Corinthum
1018 1030 1160 1104 disiecit,
1182 1029 1342 1117 Fregellas
1357 1023 1481 1095 eve'rtit.

166 1127 250 1189 Nihil
271 1125 467 1190 Numantinis
489 1126 570 1188 vires
592 1126 732 1209 corporis
755 1126 921 1189 auxiliatae
953 1133 1041 1202 sunt;
1077 1123 1153 1189 nihil
1176 1127 1483 1211 Karthaginiensibus

128 1221 295 1283 rescientia
316 1220 362 1282 rei
385 1216 526 1282 militaris
549 1219 729 1282 adiumento
751 1217 829 1296 iuit3
865 1221 942 1283 nihil
973 1220 1142 1284 Corinthiis
1176 1222 1300 1285 erudita
1331 1219 1483 1286 calliditas

164 1313 311 1396 praesidii
335 1312 425 1390 tulit;
458 1313 535 1376 nihil
567 1311 757 1395 Fregellanis
790 1335 914 1376 morum
944 1320 975 1377 et
1002 1315 1158 1377 sermonis
1179 1313 1312 1379 societas
1335 1314 1484 1397 opitulata

165 1419 221 1475 est.
264 1413 363 1474 item:
397 1410 529 1471 Formae
551 1408 686 1490 dignitas
708 1414 762 1470 aut
782 1411 893 1490 morbo
916 1405 1095 1471 deiiorescit
1115 1415 1170 1472 aut
1191 1415 1344 1472 vetustate
1368 1407 1484 1472 exstin-

165 1505 278 1588 guitur.
324 1502 382 1567 liic
414 1510 581 1585 utrumque
616 1509 648 1564 et
680 1503 713 1565 in
745 1502 908 1585 superiore
942 1500 1086 1587 exemplo
1108 1523 1201 1566 unam
1231 1522 1387 1589 quamque
1415 1523 1482 1567 rem

164 1606 250 1663 certo
273 1601 370 1664 verbo
396 1596 540 1662 concludi
569 1595 723 1661 videmus.
769 1598 821 1660 38.
857 1596 1041 1662 Coniunctio
1064 1604 1128 1671 est,
1152 1618 1221 1661 cum
1245 1597 1483 1683 interpositione

125 1712 154 1752 ss
164 1692 252 1758 verbi
275 1701 306 1757 et
327 1691 506 1777 superiores
527 1698 634 1773 partes
655 1689 806 1755 orationis
828 1691 1138 1775 comprehenduntur
1158 1701 1190 1756 et
1211 1690 1393 1768 inferiores,
1424 1695 1483 1758 hoc

163 1789 276 1852 modo:
311 1790 443 1851 Formae
474 1785 606 1869 dignitas
628 1794 681 1848 aut
703 1787 814 1849 morbo
837 1783 1016 1849 deflorescit
1037 1796 1090 1849 ant
1110 1795 1274 1851 vetustate.
1318 1784 1481 1852 Adiunctio

164 1894 231 1958 est,
254 1901 324 1947 cum
346 1886 497 1957 verbum,
522 1901 584 1966 quo
607 1900 656 1944 res
679 1878 974 1964 comprehenditur,
1000 1900 1062 1943 non
1085 1882 1333 1967 interponimus,
1357 1880 1482 1946 sedant

163 1975 298 2059 primum
327 1983 381 2040 aut
401 1985 593 2059 postremum
624 1975 826 2038 collocamus.
871 1973 1033 2049 Primum,
1071 1976 1132 2038 hoc
1154 1985 1261 2058 pacto:
1298 1974 1482 2040 Detlorescit

161 2068 282 2135 formae
305 2070 437 2155 dignitas
458 2079 511 2134 aut
533 2073 645 2133 morbo
668 2077 720 2132 aut
741 2077 904 2133 vetustate.
948 2070 1166 2149 Postremum,
1189 2069 1255 2134 sic:
1287 2074 1348 2134 hut
1369 2073 1481 2134 morbo

125 2175 215 2229 scant
236 2174 387 2230 vetustate
409 2166 528 2228 formae
549 2161 681 2248 dignitas
704 2161 894 2227 deflorescit.
940 2161 985 2226 ad
1014 2161 1211 2227 festivitatem
1240 2163 1407 2228 disiunctio
1435 2173 1482 2228 est

161 2258 319 2345 apposita3
344 2280 440 2346 quare
462 2259 562 2323 rarius
584 2267 708 2322 utemur
730 2280 784 2333 ea,
819 2281 859 2323 ne
882 2257 1054 2321 satietatem
1078 2258 1199 2342 pariat:
1235 2257 1273 2322 ad
1297 2257 1480 2324 brevitatem

161 2352 355 2432 coniunctim
392 2375 490 2440 quare
520 2353 643 2438 saepius
675 2351 851 2418 adhibenda
885 2362 942 2416 est.
988 2355 1054 2417 liae
1088 2361 1150 2415 tres
1185 2355 1409 2419 exornationes
1443 2356 1480 2417 de

161 2447 291 2533 simplici
315 2458 586 2533 genere'manant.
1343 2456 1346 2471 '

244 2545 389 2608 xxvlss.
414 2542 647 2628 Conduplicatio
671 2551 718 2608 est
738 2564 808 2609 cum
831 2541 952 2607 ratione
974 2538 1223 2625 amplificationis
1237 2550 1291 2606 ant
1304 2542 1479 2607 miseratio-

124 2655 151 2697 ss
161 2636 210 2702 nis
231 2635 371 2701 eiusdem
395 2642 484 2701 unius
506 2647 559 2701 aut
580 2636 716 2723 plurium
739 2640 909 2701 verborum
931 2635 1078 2710 iteratio,
1102 2637 1161 2699 boc
1176 2639 1290 2700 modo:
1315 2639 1479 2701 Tumultus

163 2732 198 2795 C.
223 2733 396 2806 Gracchus,
421 2733 570 2795 tumultus
592 2731 780 2796 domesticos
802 2739 832 2794 et
853 2730 1016 2796 intestinos
1038 2738 1207 2812 comparat.
1253 2732 1355 2794 item:
1391 2735 1481 2796 Com·

162 2835 265 2890 motus
287 2847 349 2890 non
371 2847 423 2901 es,
447 2847 517 2890 cum
541 2824 595 2890 tihi
619 2835 717 2891 mater
740 2826 835 2912 pedes
857 2829 1106 2911 amplexaretur,
1140 2845 1203 2888 non
1226 2846 1259 2889 es
1282 2829 1478 2890 commotast

162 2924 257 2986 item:
282 2924 370 2986 Nunc
393 2920 485 2985 etiam
507 2920 603 2986 audes
625 2921 658 2985 in
680 2921 792 2986 horum
815 2932 1014 3006 conspectum
1037 2919 1162 2993 venire,
1184 2919 1326 3004 proditor
1347 2919 1477 3005 patriae,

162 3015 321 3100 proditor,
345 3017 484 3101 inquam,
519 3016 652 3101 patriae,
682 3021 789 3082 venire
812 3019 907 3081 audes
928 3015 959 3078 in
983 3015 1093 3078 horum
1117 3020 1343 3098 conspectum?
1378 3018 1481 3080 Vehe-

124 3129 151 3171 sc
164 3120 283 3174 menter
297 3107 470 3174 auditorem
486 3118 664 3174 commovet
685 3109 823 3174 eiusdem
847 3107 1070 3192 redintegratio
1085 3106 1173 3172 verbi
1196 3116 1227 3172 et
1248 3109 1359 3174 vulnus
1381 3113 1479 3173 maius

163 3203 256 3270 elficit
271 3205 299 3268 in
315 3205 471 3269 contrario
487 3226 608 3281 causae,
631 3205 718 3290 quasi
734 3203 859 3291 aliquod
874 3205 968 3267 telum
985 3201 1109 3287 saepius
1125 3202 1286 3285 perveniat
1300 3203 1331 3267 in
1348 3202 1478 3267 eandem

160 3310 280 3384 partem
303 3301 455 3384 corporis.
513 3300 731 3383 interpretatio
755 3310 818 3375 est,
858 3320 937 3385 quae
959 3318 1022 3360 non
1045 3297 1159 3360 iterans
1181 3296 1264 3361 idem
1287 3296 1480 3381 redintegrat

160 3393 312 3469 verbum,
342 3399 395 3459 sed
418 3399 447 3459 id
471 3403 658 3469 commutat,
694 3393 776 3478 quod
799 3396 933 3480 positum
956 3401 1017 3464 est,
1050 3393 1112 3456 alio
1135 3390 1251 3466 verbo,
1287 3395 1373 3478 quod
1396 3391 1477 3457 idem

160 3490 279 3561 valeat,
303 3492 362 3554 hoc
383 3488 500 3554 modo:
537 3495 612 3555 ilem
634 3489 791 3572 publicam
813 3487 958 3553 radicitus
981 3486 1137 3563 evertisti,
1161 3485 1317 3552 civitatem
1340 3485 1478 3551 funditas

125 3583 313 3649 ssdeiecisti.
373 3586 466 3648 item:
499 3586 623 3648 Patrem
656 3583 773 3648 nelarie
810 3582 1000 3657 verberasti,
1038 3582 1156 3667 parenti
1188 3601 1295 3645 manus
1327 3582 1479 3645 scelerate

162 3679 301 3744 intulisti.
346 3682 478 3743 Necesse
500 3688 546 3741 est
568 3679 655 3751 eius,
678 3678 730 3763 qai
753 3680 852 3752 audit,
875 3679 1010 3742 animum
1026 3679 1235 3751 commoveri,
1256 3696 1326 3740 cum
1343 3677 1478 3758 gravitas

162 3773 277 3858 prioris
300 3776 372 3838 dicti
395 3783 563 3837 renovatur
583 3773 837 3856 interpretatione
862 3778 1039 3839 verborum.

247 3871 296 3932 39.
320 3866 523 3933 Commutatio
546 3877 610 3942 est,
646 3888 715 3931 cum
743 3865 822 3930 duae
851 3870 1020 3934 sententiae
1049 3871 1131 3936 inter
1150 3890 1183 3935 se
1206 3868 1416 3954 discrepantes
1438 3887 1478 3932 ex

164 3959 380 4026 transiectione
403 3961 443 4024 ita
467 3959 656 4037 efferuntur,
691 3970 725 4025 nt
752 3982 770 4024 a
801 3960 906 4045 priore
928 3965 1085 4047 posterior
1107 3969 1260 4031 contraria
1285 3962 1382 4049 priori
1407 3982 1478 4047 pro·

127 4057 336 4131 coactantur,
370 4058 431 4121 hoc
452 4058 563 4120 modo:
598 4060 675 4120 Esse
698 4062 842 4141 oportet,
875 4057 1036 4132 atricae,
1070 4081 1132 4123 non
1164 4059 1289 4133 visere,
1324 4064 1359 4121 ut
1389 4060 1475 4120 edas.

164 4154 261 4218 item:
296 4155 340 4216 Ea
363 4171 398 4215 re
420 4158 561 4236 poemata
584 4172 646 4214 non
668 4149 765 4226 lacio,
795 4150 882 4234 quia,
914 4151 1087 4218 cuiusmodi
1110 4154 1201 4230 volo,
1236 4175 1298 4220 non
1328 4173 1475 4236 possnm;

164 4248 337 4313 cuiusmodi
358 4266 499 4332 possum,
522 4245 607 4310 nolo.
653 4246 746 4309 item:
786 4246 873 4320 Quae
895 4247 933 4308 de
956 4245 1008 4310 illo
1031 4246 1190 4325 dicuntur,
1225 4248 1285 4314 dici
1315 4269 1377 4313 noa
1405 4268 1478 4331 pos-

232 4522 488 4574 trientarium
515 4520 576 4571 thoe
595 4533 625 4572 er
645 4519 713 4576 Eri.)
740 4520 810 4582 qaod
833 4534 886 4569 non
903 4523 1034 4583 pertineat
1052 4523 1113 4574 Sch.
1136 4523 1209 4585 prob.
1230 4523 1420 4575 Lindemanno.
1444 4547 1472 4560 -

164 4592 190 4641 2.
211 4596 234 4642 si
252 4608 304 4644 am.
318 4592 404 4643 iiiiiii
422 4600 448 4641 st
468 4605 505 4652 pr.
520 4592 552 4642 ll.
574 4614 600 4626 -
632 4590 659 4640 ls.
680 4592 765 4641 iecisse
784 4591 875 4640 hamb.
894 4598 989 4654 auspic.
1010 4620 1041 4631 -
1060 4596 1187 4650 eiusmodi
1206 4595 1307 4643 earn:
1326 4594 1474 4643 huiusmodi

164 4663 243 4712 ΑΤΕ.
264 4690 297 4700 -
315 4667 444 4714 actionem
462 4662 520 4711 FT:
551 4662 695 4711 orationem
714 4663 837 4712 raons.
860 4686 888 4699 -·
916 4667 941 4714 ti.
961 4667 1127 4716 Disiunctam
1145 4664 1242 4714 PFltT.
1265 4687 1295 4698 -
1324 4666 1366 4712 15.
1385 4672 1474 4726 partes

165 4735 296 4783 orationis
314 4734 439 4784 PhliFT:
459 4734 588 4782 orationis
603 4740 693 4797 partes
713 4733 769 4783 Illi.
792 4757 820 4770 -
847 4733 890 4784 lii.
910 4737 1042 4787 Postremo
1058 4737 1156 4786 nillil.
1178 4755 1206 4770 -—
1233 4734 1475 4786 admiserationis

163 4802 251 4854 PFRT
269 4806 381 4868 sitique:
401 4806 636 4853 commiserationis
654 4805 732 4854 aba.
750 4829 776 4840 -
798 4805 841 4853 ab.
862 4806 889 4854 C.
905 4804 1034 4857 Graecias
1051 4808 1113 4856 AT:
1133 4804 1160 4857 C.
1176 4804 1284 4856 Graccld
1303 4803 1427 4856 PBFllil.
1442 4828 1475 4845 -·

165 4876 292 4928 tumuitus
308 4882 333 4930 st
350 4877 501 4927 domesticos
518 4874 595 4930 ΛΒΤ.
616 4897 645 4916 ·-
664 4875 709 4930 dd.
729 4875 844 4928 attulisti
860 4875 911 4927 PF.
