3232 5392
666 201 700 267 C.
724 201 777 267 80.
800 203 853 270 81.
877 202 930 269 88.
1392 207 1456 276 881

129 333 272 431 lxxxi.
304 335 357 428 Sil
381 382 456 428 sane
480 365 540 438 ita,
575 362 716 449 inquam:
753 359 810 427 scd
831 361 996 431 redeamus
1023 360 1064 431 ad
1092 382 1182 438 eum,
1215 361 1271 450 qui
1291 362 1353 430 iam
1374 385 1456 432 unus

129 466 243 534 restat,
272 456 494 532 Hortensium,
525 464 592 522 tum
613 454 653 522 de
674 453 833 522 nobismet
853 458 944 544 ipsis,
977 457 1126 546 quoniam
1147 457 1180 523 id
1201 457 1316 532 etiam,
1342 461 1455 534 Brute,

128 551 285 639 postulas,
321 571 420 638 pauca
448 550 600 619 dicemus.
645 553 842 637 Quamquam
868 549 1012 618 iacienda
1032 551 1152 619 mentio
1174 560 1237 626 est,
1270 559 1305 616 ut
1327 553 1456 637 quidem

127 645 206 712 milri
227 644 366 723 ridetur,
388 649 526 713 duorum
546 643 809 722 adolescentium,
834 648 905 731 qui,
927 645 955 712 si
977 645 1094 713 diutius
1115 645 1283 723 vixissent,
1306 666 1455 731 magnam

129 748 234 808 essem
254 738 454 828 eloquentiae
474 737 600 809 laudom
621 740 793 806 consecuti.
1464 770 1478 812 ς

159 873 161 876 -
211 838 286 903 880.
306 839 341 904 C.
357 837 527 903 Curionem
549 842 598 912 te,
619 835 721 918 inquit
740 837 874 911 Brutus,
898 841 931 898 et
952 832 987 898 C.
1002 831 1158 900 Licinium
1173 831 1301 902 Calvum
1316 835 1457 901 arbitror

129 929 242 1002 dicere.
283 933 398 1008 Recte,
421 930 569 1016 inquam,
592 927 770 996 arbitraris:
793 948 929 1017 quorum
944 926 1072 1015 quidem
1093 928 1171 994 alter
1191 930 1236 995 ita
1256 927 1349 995 facile
1369 927 1457 996 solu·

128 1035 222 1114 teque
243 1027 349 1094 vorbis
372 1024 520 1092 volvebat
539 1026 615 1092 satis
635 1024 794 1090 interdum
815 1031 940 1100 acutas,
977 1026 1104 1089 crebras
1126 1022 1255 1112 quidem
1276 1030 1363 1090 certe
1383 1044 1456 1089 aen-

127 1118 256 1195 tentias,
279 1127 314 1185 ut
334 1119 412 1186 nihil
432 1126 541 1206 posset
560 1120 699 1184 ornatius
720 1138 808 1196 esse,
830 1117 908 1184 nihil
923 1117 1113 1201 expeditius.
1155 1121 1259 1205 Atque
1273 1115 1325 1184 bic
1342 1137 1453 1205 parum

129 1236 148 1280 a
168 1215 326 1299 magistris
345 1213 505 1279 institutus
526 1219 668 1278 naturam
688 1210 798 1278 babuit
824 1209 1041 1278 admirabilem
1069 1214 1109 1278 ad
1137 1210 1317 1280 dicendum.
1359 1211 1492 1289 ludu-10

128 1308 236 1375 striam
258 1327 323 1375 uon
343 1328 413 1373 sum
436 1313 603 1391 expertus:
626 1305 764 1373 studium
778 1315 866 1372 certe
885 1304 957 1372 luit.
1002 1308 1064 1386 Qui
1085 1306 1113 1373 si
1134 1328 1186 1374 me
1206 1308 1317 1376 audire
1338 1306 1455 1374 voluis·

128 1412 192 1479 set,
216 1410 252 1468 ut
271 1408 437 1485 coeperat,
458 1403 597 1466 bonores
619 1421 713 1486 quam
734 1419 812 1487 opes
833 1403 985 1488 consequi
1005 1403 1176 1468 maluisset
1220 1401 1378 1482 Quidnam
1393 1410 1452 1479 est,

126 1496 244 1583 inquit,
266 1497 369 1560 istuc?
403 1501 436 1560 et
456 1492 720 1581 quemadmodum
743 1494 930 1579 distinguis?
965 1497 1040 1561 281.
1069 1499 1140 1562 Iloc
1160 1495 1277 1573 modo,
1312 1499 1452 1585 inquam.

128 1591 207 1657 Cum
236 1591 338 1655 honos
367 1590 410 1654 sit
435 1587 610 1674 praemium
640 1590 765 1655 virtutis
785 1588 903 1654 iudicio
925 1589 1094 1677 studioque
1116 1590 1233 1658 civium
1255 1590 1392 1657 delatum
1413 1595 1454 1658 ad

127 1682 282 1771 aliquem,
315 1684 369 1767 qui
391 1703 465 1748 eum
486 1681 665 1759 sententiis,
694 1684 749 1770 qui
769 1681 928 1768 suffragiis
949 1686 1081 1771 adeptus
1102 1692 1171 1762 est,
1193 1686 1221 1752 is
1243 1686 1321 1752 mibi
1343 1695 1376 1753 et
1396 1690 1490 1758 iro-rs

126 1786 235 1844 nestus
256 1786 288 1842 et
308 1779 482 1843 honoratus
503 1774 639 1842 videtur.
684 1778 747 1856 Qui
769 1785 874 1843 autem
895 1779 1061 1845 occasione
1082 1778 1203 1865 aliqua,
1232 1781 1326 1846 etiem
1347 1780 1454 1847 invitis

126 1875 192 1938 sois
213 1871 353 1947 civibus,
376 1880 486 1937 nactus
508 1879 556 1937 eat
576 1871 762 1955 imperium,
785 1880 821 1937 ut
840 1870 893 1937 ille
906 1870 1069 1959 cupiebat,
1092 1875 1178 1940 hunc
1191 1892 1308 1940 nomen
1322 1874 1454 1941 honoris

126 1966 293 2050 adeptum.
328 1987 393 2033 non
421 1967 576 2033 honorem
603 1974 692 2052 puto.
735 1967 824 2044 Quae
846 1967 873 2031 si
898 1964 953 2032 ille
981 1966 1091 2034 audire
1118 1968 1285 2044 voluisset,
1318 1971 1454 2034 maxima

127 2082 198 2127 eum
221 2059 320 2145 gratia
342 2068 374 2125 et
393 2058 495 2145 gloria
525 2058 565 2126 ad
593 2079 746 2137 summam
775 2059 1012 2144 amplitudinem
1038 2065 1247 2148 pervenisset,
1281 2065 1454 2129 ascendens

127 2153 278 2240 gradibus
300 2153 552 2239 magistratuum,
574 2163 609 2219 ut
636 2161 726 2241 pater
753 2155 821 2221 eius
847 2152 985 2233 lecerat,
1018 2164 1055 2222 ut
1075 2155 1189 2242 reliqui
1210 2154 1361 2222 clariores
1382 2156 1491 2227 viriae

126 2252 217 2328 Quae
239 2250 367 2335 quidem
388 2251 484 2316 etiam
506 2271 577 2316 cum
599 2250 635 2314 P.
652 2252 782 2327 Crasso,
817 2251 861 2315 bl.
883 2251 939 2323 F„
971 2269 1043 2314 cum
1069 2247 1162 2316 initio
1184 2250 1294 2316 aetatis
1315 2248 1356 2316 ad
1376 2250 1456 2316 ami-

126 2346 232 2410 citiam
253 2365 287 2409 se
308 2363 411 2409 meam
433 2344 634 2418 contulisset,
668 2361 761 2429 saepe
783 2341 887 2425 egisse
909 2362 961 2408 mc
982 2341 1134 2419 arbitror,
1168 2363 1240 2409 cum
1262 2365 1336 2410 eum
1358 2344 1456 2412 velro-

126 2448 250 2506 menter
275 2443 437 2517 hortarer,
474 2448 509 2507 ut
530 2460 599 2506 eam
619 2436 721 2504 laudis
742 2434 825 2501 viam
846 2435 1052 2503 rectissimam
1079 2458 1149 2503 esse
1175 2439 1322 2512 duceret,
1358 2459 1454 2526 quam

126 2530 264 2601 maiores
296 2537 365 2601 cius
397 2537 426 2600 ei
458 2537 564 2600 tritam
598 2531 809 2617 reliquissent.
854 2533 928 2598 288.
961 2533 1039 2596 Erat
1071 2528 1156 2595 euim
1185 2550 1257 2595 eum
1290 2531 1453 2599 institutus

127 2629 265 2714 optime,
303 2637 369 2694 tum
396 2631 490 2695 etiam
512 2626 653 2713 perfecte
673 2625 829 2712 planeque
852 2622 1011 2701 eruditos,
1047 2623 1213 2710 ineratque
1236 2632 1268 2690 ct
1288 2627 1452 2712 ingenium
1461 2654 1490 2697 ss

126 2724 202 2789 satis
223 2744 296 2790 acre
318 2732 350 2789 et
371 2722 521 2789 orationis
542 2744 607 2789 non
629 2720 790 2805 inelegans
811 2719 922 2804 copia;
946 2725 1173 2806 praetereaque
1189 2721 1257 2786 sine
1272 2722 1453 2806 arrogantia

127 2822 230 2903 gravis
258 2838 329 2884 csse
355 2817 521 2883 videbatur
549 2826 580 2883 et
605 2817 673 2882 sine
700 2813 835 2898 segnitia
862 2816 1074 2880 verecundus.
1120 2811 1184 2880 Sed
1210 2817 1296 2880 huuc
1325 2836 1453 2902 quoque

127 2910 291 2979 absorbuit
311 2921 416 2978 aestus
436 2914 564 3000 quidam
585 2911 728 2976 insolitae
749 2906 1000 2975 adolescentibus
1014 2910 1151 2995 gloriae;
1175 2908 1248 2995 qui,
1271 2908 1345 2995 quia
1359 2931 1455 2977 nava·

126 3015 175 3073 rat
196 3008 287 3071 miles
309 3026 443 3090 operam,
461 3004 664 3091 imperatori,
687 3005 911 3089 imperatorem
932 3024 968 3069 se
989 3003 1093 3070 statim
1115 3025 1185 3071 esse
1207 3003 1369 3088 cupiebat3
1400 3006 1452 3071 cui

127 3102 250 3167 muneri
278 3120 348 3165 mos
377 3099 534 3165 maiorum
565 3107 699 3164 aetatem
727 3105 861 3173 certam,
893 3105 1012 3164 sortem
1039 3097 1191 3165 incertam
1223 3097 1360 3185 reliquit.
1404 3101 1490 3166 ltaaa

127 3195 311 3280 gravissimo
340 3215 398 3258 suo
426 3211 518 3265 casu,
555 3194 631 3257 dum
662 3190 734 3279 Cyri
762 3200 794 3257 ct
821 3191 994 3258 Alexandri
1022 3190 1133 3257 similis
1154 3211 1224 3257 esse
1246 3192 1361 3266 voluit,
1397 3192 1453 3278 qui

127 3309 218 3354 suum
238 3308 365 3354 cursum
386 3295 653 3363 transcurrerent,
677 3294 709 3351 et
728 3288 765 3350 L.
784 3288 887 3353 Crassi
909 3293 940 3352 et
957 3285 1128 3353 multorum
1144 3287 1330 3354 Crassorum
1344 3287 1454 3353 inven-

126 3393 177 3450 tus
192 3390 240 3450 est
254 3381 491 3448 dissimillimos.
535 3382 692 3449 LXXXII.
714 3381 788 3446 283.
806 3379 869 3447 Sed
887 3383 927 3446 ad
939 3379 1067 3447 Calvum
1085 3416 1128 3431 -
1143 3384 1170 3448 is
1183 3381 1268 3447 enim
1279 3379 1372 3447 nobis
1386 3388 1455 3447 erat

125 3479 306 3565 propositus
320 3512 363 3527 -
383 3484 595 3542 revertamur:
620 3475 675 3562 qui
689 3485 798 3541 orator
817 3474 878 3541 fuit
899 3496 970 3540 cum
990 3474 1102 3541 litteris
1117 3473 1271 3543 eruditior
1285 3496 1379 3562 quam
1394 3477 1454 3542 Cu·

126 3572 193 3648 rio,
214 3582 282 3639 tum
304 3570 398 3637 etiam
419 3568 591 3636 accuratius
607 3571 766 3655 quoddam
781 3567 905 3635 dicendi
920 3577 952 3634 et
965 3569 1150 3656 exquisitius
1163 3566 1318 3635 afferebat
1331 3588 1449 3654 genus:
1462 3593 1489 3636 as

126 3669 212 3751 quod
234 3686 424 3752 quamquam
445 3664 583 3729 scienter
603 3663 826 3749 eleganterque
848 3661 1019 3740 tractabat,
1057 3663 1189 3729 nimium
1217 3670 1322 3729 tamen
1349 3664 1453 3750 inqui·

125 3783 199 3828 rens
220 3764 254 3826 in
274 3783 309 3826 se
331 3769 426 3845 atque
447 3760 514 3845 ipse
535 3779 606 3824 sese
629 3760 801 3824 observans
817 3765 1038 3845 metuensque,
1060 3778 1101 3823 ue
1114 3756 1263 3823 vitiosum
1277 3756 1450 3844 colligeret,

126 3857 219 3920 etiam
241 3874 352 3920 verum
374 3852 558 3938 sanguinem
580 3855 782 3937 deperdebat.
825 3855 935 3939 ltaque
962 3852 1031 3919 eius
1053 3853 1155 3918 oratio
1177 3851 1277 3917 nimia
1296 3849 1451 3935 religione

125 3957 285 4014 attenuata
306 3952 407 4014 doctis
428 3956 460 4011 et
480 3955 597 4012 attente
620 3944 816 4013 audientibus
837 3954 905 4012 erat
925 3945 1071 4013 illustris:
1095 3944 1333 4013 amultitudine
1347 3952 1451 4012 autem

125 4051 159 4109 et
178 4063 198 4108 a
219 4041 306 4119 loro,
330 4043 380 4108 eui
401 4051 474 4107 nala
495 4041 675 4129 eloquentia
696 4049 760 4118 est,
782 4040 1005 4108 devorabatur.
1460 4063 1489 4105 sc

211 4138 285 4203 nat.
309 4141 388 4202 Tum
411 4140 543 4212 Brutus,
566 4135 702 4202 Atticum
724 4158 777 4213 se,
800 4136 919 4224 iuquit,
943 4135 1055 4203 Calvus
1077 4142 1185 4202 noster
1206 4133 1269 4201 dici
1292 4141 1450 4202 oratorem

125 4229 266 4299 volebat:
302 4233 375 4298 inde
403 4237 471 4297 erat
497 4232 557 4296 ista
578 4228 722 4307 exilitas,
755 4250 849 4316 quam
871 4229 926 4297 ille
947 4233 988 4296 de
1011 4228 1165 4297 industria
1186 4228 1448 4317 consequebatur.

194 4517 220 4569 ’1.
242 4516 329 4574 cuer,
358 4514 428 4580 quod
445 4514 502 4563 oeci
519 4514 604 4564 11111111
621 4512 809 4579 (ooetstmtliter
826 4511 873 4581 a.)
896 4517 1021 4576 camut,
1047 4516 1088 4566 ite
1108 4514 1178 4566 libri.
1197 4516 1334 4570 Emblcms
1355 4516 1451 4569 deleri·

125 4601 184 4640 mus
206 4592 351 4651 praeeunte
372 4584 482 4640 Lamb.;
508 4586 616 4637 seclusit
634 4585 666 4636 li.
687 4612 716 4624 -
736 4586 762 4637 1.
783 4600 881 4651 paruas
897 4601 916 4639 a
933 4587 1070 4652 magistris
1088 4585 1148 4637 ltbrt
1167 4591 1194 4638 et
1211 4587 1253 4639 u:
1279 4601 1298 4638 o
1315 4589 1452 4652 samma
1585 4600 1589 4612 ¹

122 4672 224 4724 porum
242 4659 272 4709 11.
295 4679 325 4692 ·-
357 4655 400 4705 13.
419 4656 488 4705 latua
507 4655 565 4705 iibri
585 4662 612 4707 ct
630 4657 672 4707 R:
701 4657 773 4707 istud
791 4657 822 4708 11.
844 4681 876 4696 -
906 4657 951 4708 17.
977 4658 1033 4707 ruia
1051 4669 1104 4707 om.
1122 4656 1158 4707 11.
1179 4656 1232 4708 liu.
1253 4658 1278 4709 1.
1299 4658 1326 4708 8.
1355 4658 1450 4710 ltread.

124 4730 215 4781 Peter.
234 4753 267 4766 ·-
297 4725 342 4777 28.
362 4725 487 4776 insolitas
505 4726 564 4777 ltbrt
587 4733 613 4777 et
629 4727 672 4778 aa
689 4741 744 4778 uon
760 4728 884 4780 insolitae
901 4741 962 4780 curn
980 4727 1091 4780 Arcena·
1110 4740 1166 4779 sec.
1185 4728 1278 4780 bamb.
1302 4729 1333 4780 lt.
1353 4754 1385 4766 -
1404 4728 1449 4780 84.

125 4801 178 4866 [stt
203 4799 295 4864 Meyer
313 4802 342 4848 ct
359 4796 467 4846 Ellendt
489 4801 531 4853 (er
557 4802 632 4859 parte
656 4808 717 4848 eum
735 4797 870 4861 comedo,
895 4802 942 4865 qul
959 4797 1065 4854 uolebat
1080 4798 1150 4863 soit,
1167 4795 1242 4864 ssd).·
1261 4797 1355 4864 teiam
1372 4797 1450 4865 ltbrt,

125 4870 185 4922 1111.
205 4895 237 4908 -
255 4868 300 4920 42.
321 4866 521 4921 consectabatur
538 4866 632 4921 bamb.
670 4867 723 4923 etr.
743 4866 774 4933 5.
793 4867 856 4922 28¹1.
