3232 5392
1395 263 1445 319 vii

209 411 406 503 Ubicunque
437 415 557 483 incerti
585 428 716 483 eramus
744 413 786 482 de
813 414 958 482 lectione
979 412 1084 483 0000.
1106 415 1316 496 nostrorum,
1350 415 1447 480 uncis

124 528 316 597 inclusimus
336 520 416 612 (A)
437 530 492 595 vel
512 531 609 601 etiam
630 531 905 618 interrogationis
924 531 1055 621 signum
1075 526 1312 614 adscripsimus
1332 517 1447 609 (00).

210 644 273 709 010
295 643 484 708 melioribus
504 644 617 729 utiquc
640 643 781 709 testibus
803 637 1037 727 opposuimlus:

209 757 242 822 B
263 775 305 810 =
327 755 504 823 editionem
526 758 574 822 ila
602 756 846 842 subscriptam:
879 757 980 822 Anno
1002 753 1082 840 Xdl·
1106 752 1156 821 Μ.
1177 747 1298 822 0000.
1320 750 1449 819 LXIX.

125 869 179 936 die
209 889 293 936 vero
322 869 403 937 Xll.
424 871 546 936 mensis
568 869 724 936 Ianuarii.
760 868 865 936 Bome
888 859 984 951 (alc)
1021 872 1054 935 ln
1077 866 1175 934 domo
1196 866 1363 957 magnifici
1385 866 1448 930 uiri

126 983 220 1051 Petri
241 982 283 1051 de
305 982 466 1050 Maximo.
486 982 578 1066 Fal,
606 1002 702 1069 quarn
723 982 987 1049 subministravit
1009 981 1210 1049 bibliotheca
1231 979 1448 1047 Basilecnsls

125 1094 219 1178 Quae
241 1096 343 1163 editio
365 1101 443 1183 post
464 1091 704 1164 Sublacensem
734 1100 768 1162 et
789 1095 998 1162 Hahnianaru
1027 1097 1255 1183 antiquissima
1283 1079 1449 1161 interdum

124 1208 336 1278 concordans
357 1211 548 1277 melioribus
570 1228 642 1277 cum
665 1211 780 1292 libris,
811 1210 1003 1296 plerumque
1032 1213 1142 1275 tamen
1164 1210 1342 1276 lectionum
1366 1225 1449 1293 pra-

124 1342 239 1389 varum
265 1323 540 1390 Ernestianaruur
575 1325 735 1409 originem
764 1324 797 1387 in
820 1323 961 1409 vulgata
982 1326 1163 1389 contextus
1183 1322 1449 1390 conformatione

125 1435 282 1502 ostendit.
326 1435 416 1504 Mire
437 1442 547 1504 autem
569 1439 738 1504 consentit
759 1454 832 1503 cum
854 1436 1049 1527 Lagomars.
1070 1431 1148 1520 98,
1180 1454 1276 1522 quem
1303 1454 1324 1500 a
1353 1432 1450 1501 Poli-

125 1554 217 1616 tiano
240 1556 425 1618 correctum
447 1569 523 1617 esse
547 1551 668 1617 ierunt.

208 1663 251 1729 Ia
277 1663 414 1730 Bruto
443 1662 558 1730 eadem
580 1663 732 1729 Romana
754 1652 833 1744 [B]
855 1663 1014 1750 princeps
1035 1666 1087 1728 est
1109 1660 1234 1746 editio,
1266 1662 1361 1728 culus
1384 1679 1450 1726 va-

127 1779 280 1845 rietatem
301 1778 459 1843 accurate
490 1778 708 1843 enatavimus.
760 1772 915 1843 Ceterum
938 1777 1016 1861 post
1037 1777 1176 1840 alteram
1198 1770 1315 1842 Grallii
1337 1792 1450 1841 curam

127 1883 262 1974 (Turici
283 1889 336 1955 Μ.
350 1883 476 1956 0000.
490 1879 627 1969 XXX.)
649 1886 845 1974 prodierunt
858 1892 993 1974 praeter
1010 1886 1161 1955 Kunissii
1183 1889 1330 1954 inutilem
1352 1887 1451 1972 opel-

126 2005 190 2070 lam
220 2009 254 2070 et
281 1999 494 2070 Sternlanam
521 2002 647 2069 scholis
674 2000 847 2068 dumtaxat
877 2002 1077 2068 destinatam
1107 2000 1272 2067 editiones
1299 1999 1450 2087 Meyeri‚

128 2109 247 2198 (ltalia
258 2116 308 2182 Μ.
323 2112 448 2184 0000.
462 2105 698 2201 XXXVIII),
722 2102 845 2183 'Peterl
866 2106 1022 2202 [Lipsiae
1037 2114 1087 2181 M.
1101 2111 1226 2182 0000.
1241 2103 1450 2197 XXXIX),

127 2219 1180 2318 atiendciisstogrmonuieruas.naiiccc.x1.1v.‚noouu),
1194 2248 1329 2315 quarum
1345 2228 1452 2312 copiis

129 2343 308 2432 diiigenter
329 2344 379 2408 usi
407 2362 536 2426 sumus,
568 2343 702 2409 easdem
724 2346 822 2409 etiam
843 2339 949 2412 Godd.
969 2349 1070 2409 notas
1090 2344 1286 2409 retinentes
1328 2337 1388 2410 Sic
1421 2339 1452 2405 0

132 2459 185 2522 asi
206 2454 287 2523 Cod.
308 2456 396 2541 Beg.
419 2452 536 2521 7704.
557 2452 637 2524 Sec.
657 2454 734 2522 XV.

211 2570 252 2636 In
291 2566 473 2636 Oratore
507 2568 555 2634 ad
590 2568 641 2635 Μ.
671 2569 840 2635 Brutum
872 2574 951 2655 post
988 2565 1190 2635 0relllanam
1225 2588 1337 2636 curam
1373 2569 1451 2634 anni

130 2681 180 2750 Μ.
192 2679 316 2751 0000.
326 2680 443 2748 ΧΧΧ.
473 2701 562 2749 nunc
595 2702 657 2748 nos
684 2681 885 2749 adiuverunt
912 2679 1050 2749 Goeller
1080 2675 1237 2768 [Lipsiae
1263 2682 1314 2749 Μ.
1328 2679 1453 2751 0000.

128 2789 370 2878 XXXVIII.)‚
403 2793 507 2862 Peter
534 2798 635 2881 utque
663 2795 796 2861 Weller
825 2787 981 2880 [Lipsiae
1007 2795 1058 2860 M·
1079 2792 1203 2864 0000.
1216 2786 1452 2877 xxxma).

129 2907 352 2997 sangninem
373 2905 545 2994 Excerpta
573 2906 707 2975 Codicis
733 2907 997 2974 Abrineensisa
1023 2908 1248 2976 Bavalssonio
1278 2908 1378 2977 edila.
1419 2909 1452 2974 B

127 3041 246 3088 rursus
272 3025 326 3089 est
346 3006 499 3089 Romana
520 3021 577 3086 illa
599 3023 774 3108 princeps3
805 3016 963 3089 Godicum
992 3024 1368 3107 praestantissimorum,
1389 3022 1453 3088 Vl-

128 3135 359 3223 babergensis,
379 3133 640 3217 Binsiedlensis,
663 3133 864 3201 liresdensis
879 3140 943 3202 cet.
957 3138 1059 3202 notae
1074 3156 1136 3222 per
1152 3156 1190 3204 sc
1212 3139 1453 3228 intelliguntur.

215 3249 255 3315 ln
283 3248 456 3334 Topicis
482 3251 560 3334 post
581 3249 719 3315 alteram
743 3244 946 3315 Orellianam
967 3267 1079 3317 curam
1101 3269 1191 3318 nova
1213 3251 1362 3319 subsidia
1383 3272 1452 3318 non

129 3367 357 3431 accesserunt.
399 3362 453 3426 Bx
468 3361 525 3427 illa
539 3380 622 3449 ergo
640 3360 845 3448 repetendae
865 3367 944 3430 aunt
964 3368 1083 3454 notae,
1104 3366 1251 3453 alloquin
1273 3367 1453 3436 obscurae:

213 3494 236 3544 a
257 3494 299 3530 =
321 3473 403 3543 000.
423 3460 667 3542 Elnsledlensis
686 3473 728 3541 N.
750 3473 841 3542 324.
860 3472 939 3545 Sec.
960 3475 1004 3544 X.

213 3592 235 3657 1)
256 3609 298 3643 =
321 3588 403 3655 000.
425 3583 662 3675 Sangallensis
681 3587 722 3655 N.
744 3585 832 3655 880.
854 3586 932 3658 Sec.
954 3589 998 3656 X

215 3722 234 3770 0
255 3722 297 3757 =
319 3701 401 3769 cod
421 3697 657 3792 sangallensis
678 3721 751 3771 cum
773 3702 907 3770 Boethii
929 3705 1182 3790 commentario,
1210 3724 1348 3776 mancus
1375 3704 1453 3774 inde

136 3811 209 3900 as.
230 3813 292 3882 70.
313 3815 355 3883 Ν.
377 3816 466 3883 854.
488 3811 565 3883 Sec.
588 3815 633 3882 X.

214 3928 235 3995 d
257 3949 299 3983 =
320 3925 436 3998 codex
458 3924 693 4020 Sangallensls
721 3929 762 3999 N.
784 3929 873 3998 818.
905 3925 986 4001 Sec.
1006 3929 1069 4000 XI.
1112 3932 1186 4001 llos
1207 3937 1367 4022 quattuor
1388 3952 1453 4001 ex-

134 4043 237 4110 cussit
260 4040 417 4112 Grellius.

215 4155 233 4223 f
246 4175 287 4210 =
303 4150 385 4223 God.
396 4156 652 4248 Vliebergensls
668 4158 746 4223 annl
764 4157 815 4224 Μ.
826 4152 946 4227 0000.
959 4156 1110 4227 ΧΧΧΙῙ.
1128 4163 1271 4229 collatus
1286 4160 1451 4229 aBelero.

216 4269 274 4338 Gr.
294 4289 336 4323 =
357 4267 475 4339 codex
504 4268 741 4359 Gryphianus,
785 4273 880 4339 cuius
911 4278 1073 4362 excerpta
1102 4275 1195 4343 dedit
1226 4275 1275 4341 lo.
1304 4273 1453 4342 Michael

132 4381 259 4450 Brutus
279 4385 313 4449 in
336 4382 484 4451 editione
505 4383 723 4478 lugdunensi
744 4385 834 4471 apud
856 4385 1041 4475 Gryphium
1062 4386 1113 4455 Μ.
1128 4389 1167 4454 0.
1181 4387 1290 4454 LXX

216 4497 262 4584 B,
286 4520 327 4585 ρ,
347 4494 399 4583 U,
421 4499 449 4574 ψ
471 4516 513 4551 =
540 4493 684 4566 0001000
705 4504 863 4586 quattuor
885 4497 1098 4570 Oxonlenses
1118 4505 1152 4568 in
1174 4501 1332 4570 Editione
1354 4500 1453 4572 Oxo-

132 4605 241 4679 niensi
262 4607 312 4679 sic
333 4613 495 4701 insigniti.

217 4726 315 4792 Valla
336 4743 378 4779 =
399 4724 513 4791 Bdllio
535 4725 674 4812 Georgii
695 4727 823 4795 Vallae.
844 4729 997 4797 Venetiis
1017 4727 1067 4794 Μ.
1082 4723 1203 4796 0000.
1217 4726 1326 4797 xcii.

216 4839 297 4906 Nor.
317 4840 373 4905 vel
395 4839 427 4906 N
447 4857 488 4891 =
509 4838 573 4905 Ed.
594 4839 867 4930 Norimbergenis
889 4841 937 4908 M.
952 4838 1073 4937 0000.
1087 4840 1227 4912 XCVII.

217 4951 280 5020 BV
301 4950 496 5019 :Boethii
520 4949 653 5041 Opera,
676 4949 829 5023 Venetiis
850 4955 901 5026 Μ.
915 4955 1033 5026 lilii.

721 5326 801 5344 Α
