3216 5400
130 233 193 300 118
716 232 867 299 huhrus

131 397 198 461 1111
220 398 274 460 sed
298 394 461 482 proprium
481 392 683 462 Athenarum.
728 397 780 459 50.
806 392 884 472 Quis
899 396 983 459 enim
998 398 1052 458 aut
1065 393 1216 478 Argivum
1231 399 1390 459 oratorem
1403 400 1457 460 aut

132 487 328 556 Corinthium
351 498 404 555 aut
426 486 606 554 Thebanum
629 488 686 554 scit
708 486 803 554 luisse
824 486 1017 574 temporibus
1040 486 1124 552 iltis:
1146 486 1204 552 nisi
1227 484 1302 572 quid
1320 484 1359 552 de
1374 491 1457 573 Epa-

131 581 294 656 minonda,
316 585 410 648 docto
431 582 573 656 homine,
596 581 747 669 suspicari
769 581 855 648 libet.
897 581 1183 648 Lacedaemonium
1203 603 1280 646 vero
1301 601 1402 667 usque
1417 582 1457 645 ad

132 675 193 743 hoc
223 684 347 763 tempus
375 676 479 743 audivi
510 676 607 743 fuisse
638 677 806 743 neminem.
852 677 1025 742 Menelaum
1055 680 1174 760 ipsum,
1211 673 1333 740 dulcem
1367 674 1456 741 illum

111 770 261 857 squidem
283 773 378 837 tradit
398 773 572 848 Homerus,
605 775 661 839 sed
690 793 789 860 pauca
811 770 978 837 dicentem.
1024 772 1169 836 Brevitas
1192 779 1297 836 autem
1319 769 1387 835 laus
1409 778 1457 833 est

132 867 289 933 interdum
318 869 350 932 iu
379 865 483 952 aliqua
508 875 598 951 parte
627 865 771 943 dicendi,
809 869 842 931 in
870 866 1016 933 universa
1040 865 1220 954 eloquentia
1241 866 1370 931 laudem
1391 885 1456 929 non

132 964 239 1027 hahet.
284 964 336 1026 51.
371 963 412 1026 At
433 982 509 1028 vero
532 972 623 1028 extra
645 962 806 1029 Graeciam
829 983 942 1047 magua
971 960 1095 1027 dicendi
1118 959 1220 1027 studia
1242 959 1372 1025 luerunt
1393 980 1457 1024 ma-

133 1054 272 1141 ximique
295 1055 367 1123 huic
388 1055 472 1122 laudi
495 1055 593 1122 babiti
615 1056 754 1123 bonores
776 1056 897 1122 illustre
919 1064 1080 1122 oratorum
1103 1076 1219 1122 nomeu
1240 1053 1457 1121 reddiderunt.

133 1154 228 1227 Nam,
252 1160 288 1215 ut
308 1151 406 1217 semol
428 1172 446 1216 e
468 1153 599 1218 Piraeeo
621 1150 801 1236 eloquentia
823 1159 931 1216 evecta
953 1160 1016 1226 est,
1040 1172 1148 1217 omues
1170 1148 1352 1236 peragravit
1373 1151 1457 1214 iusu-

97 1239 179 1310 mlas
200 1252 293 1332 atque
315 1248 359 1310 ita
381 1249 577 1332 peregrinata
599 1255 665 1310 tota
687 1249 759 1310 Asia
781 1254 846 1319 est,
869 1255 905 1311 ut
926 1267 961 1311 se
983 1247 1122 1311 externis
1143 1247 1301 1311 oblineret
1314 1243 1456 1309 moribus

134 1358 321 1426 omnemque
343 1340 427 1406 illam
449 1339 662 1405 salubritatem
684 1339 807 1405 Atticae
829 1342 975 1405 dictionis
997 1349 1029 1404 et
1048 1342 1137 1425 quasi
1159 1341 1324 1404 sanitatem
1345 1340 1458 1424 perde·

133 1440 242 1498 retae
263 1432 350 1519 loqui
372 1455 471 1521 paene
493 1434 681 1501 dedisceret.
727 1436 808 1499 Hine
829 1436 956 1500 Asiatici
979 1444 1123 1501 oratores
1144 1455 1208 1500 uou
1235 1432 1456 1498 contemnendi

134 1524 263 1611 quidem
284 1549 343 1592 uec
365 1528 524 1595 eeleritate
546 1550 604 1595 nee
625 1530 735 1616 copia,
759 1528 815 1595 sed
831 1550 940 1613 parum
955 1531 1055 1616 pressi
1070 1537 1103 1594 et
1118 1529 1212 1594 ulmis
1225 1526 1457 1602 redundantes:

134 1619 249 1686 Rhodii
272 1623 412 1689 saniores
434 1634 465 1689 et
487 1625 663 1690 Atticorum
686 1624 862 1690 similiores.
908 1629 960 1690 52.
988 1627 1051 1690 Sed
1073 1627 1112 1690 de
1137 1625 1265 1690 Graecis
1287 1620 1455 1698 haetenus:

98 1715 253 1782 steterim
277 1721 355 1784 haec
376 1719 442 1806 ipsa
462 1718 594 1801 forsitan
616 1718 733 1786 luerint
753 1740 817 1785 non
839 1721 1027 1786 necessaria.

221 1816 302 1878 Tum
323 1817 455 1890 Brutus,
478 1817 539 1879 Ista
561 1835 656 1888 vero,
678 1814 798 1901 iuquit,
821 1835 914 1900 quam
937 1815 1112 1879 necessaria
1133 1810 1267 1887 breriut,
1289 1830 1353 1876 uon
1367 1807 1457 1875 facile

136 1904 291 1971 dixerim:
316 1911 450 1973 iucunda
473 1917 557 1974 certe
579 1911 656 1973 mihi
677 1908 805 1974 luerunt
825 1929 928 1994 neque
949 1906 1051 1973 solum
1073 1928 1137 1973 uon
1158 1909 1270 1991 longa,
1292 1903 1458 1970 sedetiam

136 2000 286 2067 breviora
308 2023 401 2089 quam
421 2001 547 2068 vellem.
593 2006 734 2090 Optime,
758 2005 905 2090 inquam:
929 2005 984 2067 sed
1006 2001 1169 2067 veniamus
1190 2004 1230 2066 ad
1251 2008 1394 2074 nostros,
1418 1997 1458 2063 de

137 2095 252 2178 quibus
273 2093 401 2161 difficile
424 2106 472 2162 est
494 2100 562 2184 plus
589 2097 780 2183 intelligere,
815 2118 907 2184 quam
936 2106 1148 2184 quantumhex
1171 2095 1381 2160 monumentis
1403 2116 1458 2160 su-

98 2189 251 2275 mspicari
265 2190 348 2255 licet.
393 2195 477 2259 xlv.
501 2196 554 2257 53.
579 2194 656 2270 Quis
678 2195 759 2258 enim
781 2201 868 2279 putet
889 2201 942 2256 aut
964 2191 1154 2257 celeritatem
1176 2190 1293 2274 ingenii
1307 2193 1343 2255 L.
1360 2194 1457 2256 Bruto

135 2280 182 2348 illi
202 2283 375 2351 nobilitatis
396 2295 518 2352 vestrae
540 2289 676 2372 principi
699 2286 856 2352 defuisset
889 2288 942 2374 qui
972 2289 1011 2352 de
1033 2294 1132 2351 matre
1155 2287 1302 2351 savianda
1324 2304 1364 2349 ex
1386 2304 1459 2347 ora·

136 2378 207 2443 culo
230 2379 384 2464 Apollinis
404 2389 468 2445 tam
490 2390 581 2445 acute
602 2390 776 2468 arguteque
799 2381 990 2459 coniecerit;
1015 2383 1068 2466 qui
1091 2399 1241 2445 summam
1257 2377 1457 2466 prudentiam

137 2470 338 2539 simulatione
361 2477 511 2541 stultitiae
534 2479 665 2554 texerit3
690 2479 743 2563 qui
764 2475 1014 2562 potentissimum
1037 2495 1163 2560 regem,
1187 2470 1352 2538 clarissimi
1375 2473 1458 2555 regis

137 2565 254 2645 filium,
278 2571 434 2656 expulerit
455 2573 673 2655 civitatemque
692 2578 848 2658 perpetuo
863 2571 1024 2636 dominatu
1047 2570 1210 2634 liberatam
1226 2565 1458 2651 magistratibus

98 2665 267 2739 ttauuuis,
298 2666 422 2750 legibus
451 2665 637 2752 iudiciisque
660 2664 851 2743 devinxerit:
885 2667 938 2752 qui
968 2664 1108 2749 collegae
1132 2683 1190 2728 suo
1211 2661 1381 2745 imperium
1403 2657 1459 2724 ab·

94 2816 101 2828 ,
136 2757 311 2842 rogaverit,
334 2769 368 2824 ut
390 2783 408 2825 e
431 2762 555 2826 civitate
576 2762 691 2844 regalis
714 2759 851 2824 nominis
873 2758 1058 2823 memoriam
1088 2757 1228 2823 tolleret:
1263 2758 1347 2843 quod
1370 2763 1457 2818 certe

136 2850 217 2916 ellici
240 2874 304 2918 nou
325 2854 500 2938 potuisset,
533 2854 593 2919 uisi
615 2864 698 2919 essct
719 2856 862 2918 oratione
884 2874 1080 2937 persuasum.
1125 2853 1178 2917 5t.
1211 2849 1360 2917 Videmus
1382 2852 1457 2914 item

134 2949 243 3033 paucis
269 2947 359 3014 aunis
388 2959 460 3033 post
486 2970 578 3033 reges
604 2958 748 3025 exactos,
785 2947 856 3013 crim
883 2945 994 3034 plebes
1023 2967 1124 3033 prope
1147 2949 1245 3032 ripam
1268 2944 1396 3008 Anienis
1417 2942 1458 3009 ad
1560 2946 1564 2957 '

136 3043 261 3107 tertium
284 3044 452 3108 miliarium
475 3046 669 3109 consedisset
689 3063 824 3129 eumque
845 3051 1003 3118 montem,
1027 3044 1080 3129 qui
1097 3045 1189 3106 Sacer
1204 3040 1375 3127 appellatus
1396 3046 1455 3116 est,

98 3138 371 3220 oooecupavisset,
394 3143 435 3204 hl.
458 3139 615 3205 Valerium
639 3141 822 3203 dictatorem
847 3137 980 3203 diceudo
1003 3136 1160 3201 sedavisse
1175 3133 1347 3200 discordias
1362 3136 1456 3221 eique

112 3227 179 3294 ·ob
199 3250 269 3296 eam
290 3253 358 3297 rem
382 3235 519 3298 honores
541 3232 751 3316 amplissimos
773 3233 898 3297 habitos
920 3238 951 3295 et
973 3253 1044 3295 eum
1064 3232 1199 3314 primum
1215 3226 1257 3294 ob
1273 3250 1342 3293 eam
1357 3231 1457 3316 ipsam

136 3346 259 3391 causam
289 3330 460 3393 Maximum
489 3348 557 3392 csse
587 3326 790 3412 appellatum.
842 3329 889 3391 Ne
918 3329 954 3390 1..
978 3326 1137 3392 Valerium
1170 3323 1297 3409 quidem
1319 3324 1457 3388 Potitum

135 3422 274 3486 arbitror
295 3443 359 3487 non
382 3425 500 3510 aliquid
522 3421 663 3506 potuisse
684 3420 834 3496 diceudo,
867 3421 921 3507 qui
950 3428 1023 3504 post
1044 3418 1284 3484 decemviralem
1305 3417 1457 3483 invidiam

136 3512 261 3598 plebem
283 3517 315 3578 in
337 3526 440 3602 patres
461 3518 620 3581 incitatam
643 3515 764 3601 legibus
786 3524 818 3580 et
840 3514 1038 3581 contionibus
1061 3516 1124 3579 suis
1147 3514 1347 3597 mitigaverit.
1401 3516 1454 3578 55.

98 3627 125 3668 :s
136 3609 306 3674 Possumus
336 3613 470 3697 Appium
502 3611 665 3676 Claudium
693 3611 847 3697 suspicari
875 3609 1041 3684 disertum,
1073 3611 1146 3696 quia
1167 3614 1308 3673 senatum
1330 3604 1457 3671 iamiam

136 3702 316 3768 inclinatum
340 3725 357 3768 a
380 3705 490 3792 Pyrrhi
512 3724 587 3791 pace
609 3708 824 3771 revocaverit:
848 3724 1015 3788 possumus
1038 3703 1072 3768 C.
1096 3700 1290 3775 Fabricium,
1322 3700 1396 3788 quia
1417 3702 1458 3765 sit

136 3801 174 3863 ad
197 3800 352 3887 Pyrrhum
375 3803 414 3863 de
436 3798 565 3883 captivis
587 3799 809 3886 recuperandis
830 3800 944 3863 missus
973 3807 1099 3864 orator:
1134 3797 1180 3862 Ti.
1204 3795 1455 3871 Coruncanium,

135 3895 221 3980 quod
243 3912 282 3956 ex
303 3890 484 3978 pontificum
509 3894 739 3958 commentariis
760 3893 854 3977 longe
868 3891 1036 3978 plurimum
1059 3893 1185 3976 ingenio
1201 3889 1337 3956 valuisse
1352 3889 1458 3955 videa-

136 3995 204 4054 tur:
228 3989 278 4052 Μ’.
304 3987 447 4059 Curium,
470 3990 555 4073 quod
577 3989 604 4051 is
626 3985 769 4052 tribunus
791 3987 854 4073 pl.,
883 3987 1039 4071 interrege
1062 3987 1163 4073 Appio
1186 3987 1307 4060 Caeco,
1338 3985 1455 4051 diserto

96 4083 282 4159 cohomiue,
318 4080 446 4146 comitia
474 4090 583 4146 contra
611 4082 697 4168 leges
724 4086 878 4159 habente,
913 4103 983 4147 cum
1012 4084 1051 4146 de
1078 4080 1170 4167 plebe
1201 4079 1364 4145 consulem
1393 4101 1456 4144 nou

137 4176 327 4262 accipiebat,
363 4185 467 4260 patres
489 4185 560 4241 ante
582 4186 726 4243 auctores
747 4174 817 4242 lieri
838 4176 996 4261 coegerit:
1031 4174 1117 4263 quod
1145 4175 1206 4240 luit
1234 4195 1454 4259 permagnum,

135 4268 273 4336 nondum
296 4270 365 4354 lege
381 4270 501 4335 Maenia
523 4269 595 4336 lata.
640 4273 692 4336 56.
719 4273 805 4336 Licet
827 4270 943 4357 aliquid
968 4268 1063 4335 etiam
1079 4272 1118 4334 de
1133 4274 1173 4335 hl.
1189 4270 1315 4355 Popillii
1330 4271 1457 4351 ingenio

135 4364 303 4448 auspicari,
326 4366 396 4451 qui,
420 4387 490 4432 cum
514 4367 621 4430 consul
644 4374 725 4431 esset
740 4368 915 4451 eodemque
932 4373 1076 4448 tempore
1092 4363 1278 4430 sacrificium
1293 4365 1457 4448 publicum

205 4613 247 4661 11.
267 4614 344 4676 quast
361 4615 518 4663 raucitatem
536 4614 558 4662 11
577 4619 666 4663 contra
685 4611 768 4662 Codd.
790 4618 874 4662 notor.
897 4636 927 4648 -
958 4613 1001 4663 11.
1027 4626 1081 4664 non
1098 4612 1278 4664 contemnendi
1295 4612 1337 4662 1111
1354 4614 1458 4677 quidam

136 4679 254 4731 Nortmb.
274 4682 366 4733 Lamh.
393 4706 425 4719 -
453 4684 496 4734 15.
522 4681 1059 4745 1111111111.11111111111511.
1100 4684 1241 4734 Contunct.
1262 4683 1361 4735 hahent
1378 4689 1457 4736 ettam

137 4751 207 4801 Vsu.
226 4752 252 4800 1.
273 4752 364 4803 Ottob.
389 4752 419 4803 ll.
450 4779 479 4790 -
510 4753 554 4802 21.
573 4754 704 4803 :nomnen
722 4764 781 4802 cum
801 4751 885 4802 Codd.
905 4758 976 4805 uotts
995 4761 1021 4805 et
1046 4755 1087 4805 ll:
1119 4754 1268 4804 1111111111
1288 4753 1320 4805 u.
1349 4778 1381 4789 -
1411 4756 1454 4805 11.

136 4820 268 4886 11111111.
288 4823 354 4873 ven.
375 4823 401 4871 1.
422 4820 473 4873 (iu.
494 4824 560 4872 1.11.
579 4822 674 4873 111111.
693 4821 727 4872 R.
747 4822 838 4872 Lanae.
858 4823 947 4876 Peter.
967 4850 999 4863 -
1017 4824 1063 4876 11.
1083 4824 1170 4886 Popttt
1190 4838 1219 4876 ex
1238 4830 1298 4875 octo
1317 4822 1403 4876 Codd.
1422 4826 1456 4876 T.

137 4893 191 4945 111
210 4889 308 4955 1111111
327 4892 337 4943 1
354 4891 477 4944 sertbttur
494 4896 520 4942 11
540 4894 656 4956 11111111
673 4891 758 4944 recu:
784 4892 953 4958 capttottuta,
981 4909 1006 4948 r.
1027 4908 1051 4948 c.
1070 4908 1095 4947 1.
1114 4907 1143 4947 u.
1162 4893 1267 4947 1417.
