3232 5392
208 237 273 306 358
799 229 950 299 BRUTUS

211 402 379 466 severitate
401 397 539 464 iudicum
560 390 739 460 vindicavit.
782 389 844 458 Sed
865 389 925 456 fuit
951 399 1083 479 uterque
1110 411 1253 458 summus
1280 395 1414 457 orator:
1455 398 1542 475 atque

209 493 271 561 hoc
300 494 454 560 memoria
481 495 605 576 patrum
635 493 713 552 teste
735 484 877 554 dicimus.
923 489 992 550 101.
1024 488 1104 550 Nam
1126 493 1160 550 et
1180 484 1336 552 Carbonis
1359 490 1392 549 et
1417 486 1544 550 Gracchi

210 592 362 656 habemus
384 588 544 652 orationes
564 580 704 649 nondum
726 584 800 647 satis
822 580 1003 666 splendidas
1029 581 1155 656 verbis,
1192 582 1248 645 sed
1269 586 1380 644 acutas
1402 580 1540 663 pruden-

212 687 337 770 tiaeque
357 678 563 767 plenissimas.
604 675 677 743 Fuit
707 678 866 743 Gracchus
895 672 1059 759 diligentia
1082 673 1249 739 Corneliae
1270 672 1382 739 matris
1406 693 1428 738 a
1449 692 1545 759 puero

189 776 323 843 edoctus
354 783 385 839 et
412 774 538 838 Graecis
567 770 680 837 litteris
711 770 861 836 eruditus.
907 773 987 835 Nam
1020 788 1148 855 semper
1178 767 1290 834 habuit
1323 769 1546 855 exquisitose

213 872 344 936 Graecia
364 871 549 950 magistros,
571 866 605 930 iu
628 868 674 931 eis
688 868 750 930 iam
765 862 950 931 adolescens
964 864 1161 953 Diophanem
1174 863 1424 950 Mytilenaeum,
1451 865 1546 929 Grae·

211 964 277 1031 ciae
300 960 497 1044 temporibus
519 958 582 1025 illis
604 958 851 1024 disertissimum.
896 960 958 1023 Sed
981 960 1010 1024 ei
1024 961 1122 1026 hrerc
1135 962 1258 1044 tempus
1272 956 1396 1044 ingenii
1410 957 1547 1043 eugendi

212 1067 243 1124 et
265 1057 444 1122 declarandi
466 1053 537 1119 fuit.
584 1056 655 1118 105.
689 1054 807 1128 Carbo,
840 1051 926 1139 quod
957 1053 1020 1118 vita
1046 1050 1276 1142 suppeditavit,
1310 1054 1417 1119 estin
1440 1051 1545 1118 multis

212 1150 337 1217 iudiciis
357 1148 522 1233 causisque
543 1146 696 1232 cognitus.
741 1149 833 1213 lluuc
855 1147 909 1234 qui
930 1146 1096 1213 audierant
1115 1150 1287 1235 prudentes
1312 1149 1480 1222 homines,
1513 1145 1547 1210 in

175 1243 327 1332 atquibus
348 1241 513 1308 familiaris
534 1249 643 1307 noster
663 1242 700 1304 L.
721 1242 855 1317 Gellius,
893 1243 946 1327 qui
968 1262 1003 1308 se
1025 1241 1071 1307 illi
1091 1241 1351 1308 contubernalem
1374 1242 1411 1305 in
1432 1261 1549 1306 consu·

213 1343 278 1405 latu
309 1339 406 1403 fuisse
436 1338 602 1411 narrabat,
640 1354 792 1401 canorum
824 1344 983 1401 oratorem
1013 1343 1045 1400 et
1072 1334 1245 1402 volubilem
1274 1344 1307 1400 et
1332 1336 1410 1401 sads
1440 1355 1547 1400 acrem

212 1440 306 1519 atque
334 1429 469 1497 eundem
495 1438 528 1494 et
556 1433 775 1495 vehementem
803 1439 834 1495 ct
862 1428 953 1495 valde
989 1428 1112 1495 dulcem
1147 1438 1179 1495 et
1210 1428 1408 1518 perfacetum
1444 1427 1545 1495 fuisse

213 1525 356 1592 dicebat:
393 1528 528 1592 addebat
554 1524 744 1595 industrium
774 1522 868 1591 etiam
890 1533 921 1590 ot
943 1523 1124 1606 diligentem
1147 1532 1179 1589 et
1205 1524 1239 1589 in
1263 1523 1547 1590 exercitationibus

213 1619 594 1704 commentationibusque
626 1616 759 1684 multum
791 1638 909 1701 operae
940 1617 1066 1684 solitum
1100 1638 1168 1684 esso
1200 1638 1331 1705 ponere.
1379 1620 1452 1683 106.
1487 1618 1546 1682 llic

175 1715 351 1800 ssoptimus
382 1712 444 1779 illis
474 1710 670 1796 temporibus
699 1720 747 1777 est
778 1720 929 1799 patronus
961 1712 1101 1788 habitus,
1138 1732 1241 1798 eoque
1273 1711 1381 1778 forum
1416 1721 1546 1777 tenente

214 1807 304 1893 plura
334 1805 404 1872 fieri
429 1806 545 1872 iudicia
572 1813 754 1892 coeperunt.
797 1809 876 1871 Nam
906 1814 938 1872 et
966 1807 1166 1893 quaestiones
1192 1816 1364 1893 perpetuae
1387 1805 1449 1872 hoo
1471 1809 1548 1871 ado-

214 1904 353 1966 lescente
375 1902 561 1966 constitutae
583 1909 674 1977 sunt,
698 1921 779 1987 quae
801 1909 894 1966 antea
914 1900 1018 1965 nullae
1039 1900 1183 1978 fuerunt;
1213 1904 1250 1966 L.
1267 1900 1351 1966 enim
1374 1902 1470 1976 Piso,
1493 1901 1548 1964 tri·

216 1998 319 2061 hunus
347 1998 413 2082 pl,
450 1995 552 2081 legem
580 1997 701 2082 primus
730 1997 769 2060 de
797 1994 940 2082 pecuniis
961 1994 1143 2081 repetundis
1166 1997 1339 2062 Censorino
1363 2002 1397 2059 et
1416 1994 1546 2060 Manilio

217 2091 401 2154 consulibus
422 2092 510 2169 tulit;
540 2088 619 2173 (ipse
640 2091 734 2155 etiam
757 2091 829 2155 Piso
850 2098 883 2155 et
903 2110 1012 2155 causas
1034 2092 1098 2175 egit
1120 2100 1153 2155 et
1173 2089 1340 2156 multarum
1363 2091 1475 2176 legum
1496 2098 1548 2154 aut

177 2191 329 2248 ”auctor
349 2191 404 2249 aut
424 2182 584 2249 dissuasor
604 2181 681 2249 fuit:
709 2186 799 2271 isque
821 2192 854 2249 et
876 2187 1035 2251 orationes
1057 2183 1198 2271 reliquit,
1221 2205 1301 2271 quae
1322 2184 1386 2250 iarn
1409 2205 1549 2249 evanne-

217 2284 305 2353 runt,
330 2286 362 2342 et
381 2279 510 2343 annales
531 2297 607 2344 sane
629 2277 755 2343 exiliter
775 2278 947 2365 scriptos3)
972 2287 1004 2344 et
1023 2278 1139 2343 iudicia
1153 2279 1281 2363 populi,
1305 2281 1422 2364 quibus
1438 2281 1549 2344 aderat

217 2369 336 2448 Carbo,
358 2376 422 2437 iam
444 2374 544 2457 magis
565 2379 735 2457 patronum
755 2373 997 2450 desiderabant,
1020 2371 1136 2440 tabella
1157 2373 1243 2454 dath3
1265 2394 1358 2462 quam
1382 2376 1490 2459 legem
1511 2377 1546 2440 L.

217 2469 341 2533 Cassius
364 2469 485 2550 Lepido
507 2476 538 2533 ct
558 2469 705 2533 Mancino
729 2467 912 2534 consulibus
932 2468 1014 2533 tulit.

300 2564 446 2629 XXVIII.
473 2565 545 2627 107.
583 2565 698 2627 Vester
725 2566 820 2628 etiam
846 2567 884 2627 l).
910 2567 1043 2638 Brutus,
1076 2566 1119 2628 Μ.
1143 2560 1241 2639 filius,
1276 2571 1312 2626 ut
1335 2583 1376 2628 ex
1398 2563 1549 2630 familiari

178 2657 285 2721 ²⁵eius
305 2661 341 2721 L.
359 2658 453 2721 Accio
476 2664 570 2742 poeta
591 2676 661 2721 sum
683 2659 792 2721 audire
814 2656 940 2734 solitus,
965 2666 997 2722 ct
1018 2657 1124 2723 dicere
1145 2677 1209 2721 non
1230 2656 1346 2721 inculte
1369 2657 1497 2723 solebat
1516 2666 1549 2723 et

217 2759 283 2816 erat
304 2771 375 2816 cum
396 2750 509 2815 litteris
530 2749 649 2815 LatinIs
670 2756 737 2814 tum
765 2752 860 2815 etiam
883 2753 1008 2817 Graecis
1030 2760 1065 2817 ut
1086 2751 1281 2835 temporibus
1303 2751 1365 2817 illis
1388 2755 1545 2819 eruditus.

216 2846 305 2922 Quae
327 2843 489 2910 tribuebat
510 2843 594 2908 idem
616 2847 729 2910 Accius
751 2844 844 2910 etiam
866 2846 905 2922 Q.
921 2846 1074 2922 Maximo,
1097 2851 1134 2911 L.
1151 2848 1250 2913 Paulli
1272 2845 1397 2932 nepoti:
1421 2857 1455 2912 et
1470 2870 1547 2913 vero

216 2949 289 3005 ante
303 2942 490 3014 Maximum,
512 2941 603 3005 illum
620 2939 817 3023 Scipionem,
841 2959 905 3025 qno
928 2938 1007 3005 duce
1029 2943 1153 3026 privato
1175 2940 1221 3008 Ti.
1239 2942 1399 3005 Gracchus
1423 2945 1548 3008 occisus

216 3043 317 3112 esset,
341 3055 412 3101 oum
436 3032 582 3099 omnibus
604 3034 637 3098 in
658 3036 756 3098 rebus
778 3037 997 3101 vehementem
1018 3044 1084 3100 tum
1107 3056 1212 3100 acrem
1233 3033 1336 3100 aicbat
1358 3037 1545 3102 indicendo

178 3129 323 3195 ³⁰fuisse.
368 3131 438 3199 108.
470 3133 549 3194 Tum
579 3131 674 3194 etiam
703 3130 738 3192 P.
764 3129 914 3194 Lentulus
945 3128 998 3195 ille
1031 3128 1176 3215 princeps
1208 3133 1247 3194 ad
1281 3150 1348 3195 rem
1383 3132 1546 3215 publicam

216 3227 378 3289 dumtaxat
399 3227 485 3311 quod
507 3245 586 3308 opus
609 3231 692 3289 esset
712 3225 787 3288 satis
810 3221 956 3289 hahuisse
979 3222 1176 3308 eloquentiae
1199 3221 1329 3302 dicitur;
1366 3224 1546 3312 iisdemque

215 3321 411 3405 temporibus
434 3323 468 3383 L.
483 3321 596 3386 Furius
618 3317 723 3382 Philus
744 3319 884 3403 perbene
906 3317 1015 3382 Latine
1031 3317 1117 3403 loqui
1132 3321 1300 3402 putabatur
1313 3318 1546 3407 litteratiusque

215 3433 310 3497 qnam
332 3413 446 3490 ceteri,
470 3415 504 3476 P.
521 3411 673 3478 Scaevola
695 3413 787 3476 valde
808 3415 980 3497 prudenter
1001 3422 1034 3479 et
1055 3423 1161 3488 acute,
1176 3413 1294 3495 paullo
1317 3416 1410 3477 etiam
1436 3413 1547 3497 copio-

215 3508 295 3584 sius;
330 3529 389 3571 nec
411 3509 510 3573 multo
533 3509 636 3571 minus
658 3507 829 3591 prudenter
850 3511 900 3591 Μ’.
922 3507 1077 3573 Manilius.
1123 3507 1216 3594 Appii
1238 3508 1357 3574 Claudii
1379 3508 1543 3585 volubilis,

177 3599 271 3665 ”sed
301 3600 406 3685 paullo
440 3600 592 3666 fervidior
621 3609 690 3665 erat
717 3599 830 3666 oratio.
875 3604 909 3666 ln
939 3602 1043 3687 aliquo
1072 3622 1203 3668 numero
1232 3602 1324 3667 etiam
1347 3606 1390 3667 Μ.
1414 3606 1545 3668 Fulvius

214 3695 342 3760 Flaccus
373 3704 404 3761 et
433 3699 467 3761 C.
493 3698 586 3769 Cato,
621 3693 758 3760 Africani
790 3697 909 3762 sororis
940 3694 1041 3773 lilius,
1078 3700 1256 3763 mediocres
1287 3705 1449 3775 oratores;
1485 3703 1543 3762 etsi

214 3789 316 3855 Flacci
344 3789 460 3872 scripta
488 3798 578 3864 suut,
613 3791 670 3854 sed
691 3797 725 3853 nt
748 3790 878 3854 studiosi
907 3789 1093 3856 litterarum.
1138 3792 1240 3857 Flacci
1267 3802 1370 3856 autem
1400 3795 1545 3858 aemulus

215 3886 250 3948 P.
274 3885 388 3948 Decius
410 3882 483 3957 fuit,
514 3904 577 3950 non
598 3883 700 3949 infans
721 3883 775 3949 ille
798 3887 938 3970 quidem,
968 3887 1023 3950 sed
1044 3894 1080 3950 ut
1102 3885 1182 3962 vita,
1213 3889 1258 3952 sic
1280 3889 1425 3951 oratioue
1449 3890 1543 3952 etiam

215 3979 426 4043 turbulentus.
474 3979 544 4043 109.
576 3981 618 4042 Μ.
640 3981 778 4053 Drusus,
814 3979 848 4048 C.
870 3982 926 4054 F..
960 3978 1014 4065 qni
1042 3979 1075 4044 iu
1102 3979 1262 4046 tribunatu
1287 3984 1321 4048 C.
1345 3983 1554 4058 Gracchum,·

177 4075 205 4118 ⁴⁰
216 4071 384 4155 collegam,
407 4069 523 4136 iterum
546 4069 720 4145 tribunum,
742 4070 853 4156 fregit,
877 4072 926 4137 vir
948 4081 980 4137 et
1002 4076 1145 4138 oratione
1167 4075 1269 4159 gravis
1291 4083 1323 4139 et
1343 4078 1543 4150 auctoritate,

216 4169 308 4254 eique
341 4166 486 4254 proxime
519 4170 683 4233 adiunctus
718 4169 752 4253 C.
771 4171 891 4232 Drusus
923 4165 1021 4232 frater
1051 4165 1120 4234 fuit.
1164 4171 1249 4234 Tuus
1275 4171 1369 4234 etiam
1400 4170 1542 4254 gentilis,

1497 4280 1511 4315 1

283 4464 310 4513 3.
330 4465 394 4514 hese
412 4462 446 4512 1).
468 4461 520 4512 Gu.
534 4464 561 4513 1.
575 4463 601 4512 2.
622 4461 718 4514 Drcsd.
739 4461 827 4513 Peter.
849 4461 895 4511 list
913 4476 1021 4526 prorsus
1041 4467 1134 4516 vltlosr
1152 4467 1361 4518 accommodrtlo
1375 4468 1408 4518 ed
1422 4467 1475 4519 abl.
1489 4481 1542 4517 me·

213 4536 310 4584 morto.
332 4561 360 4573 -
382 4535 408 4584 7.
428 4533 622 4585 es‘erblnus:
643 4540 666 4584 11
680 4545 739 4583 cum
753 4533 826 4583 llbrls
840 4531 897 4582 llll.
922 4560 952 4571 -
974 4536 1000 4586 8.
1020 4534 1101 4600 qood]
1121 4552 1173 4601 quo
1186 4538 1245 4588 llbrl
1259 4538 1313 4589 lere
1326 4551 1434 4598 omnes,
1453 4539 1542 4603 quood

214 4605 260 4668 Lg.
280 4605 324 4654 35.
343 4605 409 4655 Van.
426 4605 452 4654 2.
472 4605 506 4655 li.
527 4603 682 4656 Emendavlt
700 4603 792 4654 Aldus.
816 4628 845 4639 -
867 4601 910 4654 13.
929 4605 1052 4657 dicebaut
1064 4631 1097 4642 ··
1115 4609 1249 4659 addebant
1268 4622 1327 4659 curn
1340 4608 1433 4658 Lamb.
1449 4612 1474 4658 ln
1488 4623 1539 4672 mg.

214 4675 320 4736 llepett.
334 4675 420 4725 Peter.
446 4701 480 4710 —
506 4675 550 4725 35.
571 4673 642 4723 aereo
661 4675 688 4724 h.
710 4674 727 4723 Ι.
748 4681 775 4724 et
793 4672 894 4734 ublque
915 4675 946 4725 li.
968 4699 999 4713 —
1022 4677 1065 4727 27.
1087 4678 1219 4728 tribueret
1238 4678 1321 4729 Codd.
1337 4680 1412 4742 longe
1433 4680 1539 4741 plurimi

213 4752 240 4795 et
258 4745 290 4794 ll·
312 4744 468 4797 Emendavlt
487 4745 507 4795 ll
527 4758 541 4795 e
560 4743 644 4794 Codd.
664 4745 728 4807 theg.
747 4744 926 4805 Lnllemendl,
946 4747 1099 4811 habentque
1118 4752 1155 4800 sle
1173 4748 1218 4813 Lg.
1238 4750 1281 4799 51.
1302 4750 1367 4800 Ven.
1388 4750 1414 4798 1.
1438 4775 1466 4786 -
1497 4750 1540 4800 31.

212 4815 258 4865 Μ’.
272 4813 402 4866 Manilius
414 4829 477 4866 nos:
497 4814 537 4867 Μ.
553 4815 680 4868 Mentitur
699 4827 760 4866 cum
773 4815 845 4865 llhrls
858 4815 914 4866 llll.
942 4841 971 4853 -
1004 4817 1049 4869 35.
1070 4821 1157 4870 oratio
1169 4826 1227 4870 eret
1246 4819 1280 4869 1).
1294 4818 1343 4871 Gn.
1359 4820 1384 4868 1.
1401 4821 1428 4867 2.
1444 4820 1539 4873 Dresd.

212 4885 246 4937 11.
259 4911 292 4922 -
310 4885 355 4939 to.
375 4885 454 4954 [repat
472 4886 578 4943 llorere
596 4886 691 4940 Pisano
710 4892 738 4940 ct
756 4885 873 4940 coruos
890 4892 1000 4948 auctore
1018 4900 1067 4963 eqo
1084 4897 1112 4944 et
1129 4889 1171 4948 T:
1190 4887 1253 4959 {ectr
1269 4901 1328 4945 eum
1348 4888 1420 4942 tlhrls
1440 4890 1497 4945 1111.
