3232 5392
181 203 243 272 iias
709 205 763 272 DE
785 205 973 274 ORATORE

181 386 243 452 que
264 373 448 446 sumuntur;
473 364 528 432 sed
551 385 588 431 ea
608 385 667 431 nos
688 385 759 432 cam
780 366 912 433 iacentia
935 365 1115 434 sustulimus
1138 390 1155 434 e
1177 365 1300 443 medio,
1324 368 1406 432 sicut
1426 366 1507 432 mol-

179 462 329 529 lissimam
352 483 454 528 ceram
477 462 516 525 ad
537 469 679 526 nostrum
713 463 878 527 arbitrium
910 461 1084 528 formamus
1116 472 1148 528 et
1181 461 1338 547 fingimus.
1397 465 1507 547 ltaque

179 565 247 622 tum
269 577 380 641 graves
402 575 527 630 sumus,
563 562 629 618 ium
650 551 796 632 subtiles,
831 565 897 621 tum
920 555 1061 622 medium
1082 556 1231 642 quiddam
1260 565 1423 634 tenemus3
1460 558 1506 620 sic

179 651 351 718 institutam
372 659 512 715 nostram
534 648 718 714 sententiam
741 649 883 736 sequitur
904 651 1056 717 orationis
1077 671 1176 736 genus
1197 648 1293 735 idque
1315 654 1354 717 ad
1376 672 1506 718 omnem

157 747 303 811 cautium
324 743 518 827 voluptutem
540 750 571 808 et
592 746 769 810 animorum
795 753 915 811 motum
936 754 1074 812 mutatur
1095 755 1128 811 et
1149 747 1291 813 vertitur.
1337 749 1409 812 178.
1441 748 1506 811 Sed

180 850 215 906 ni
235 843 268 904 in
290 839 449 925 plerisque
471 835 566 903 rebus
588 838 814 904 incredibiliter
834 841 897 904 boc
919 849 1029 906 natura
1051 850 1098 907 est
1118 839 1186 923 ipsa
1207 836 1375 918 fabricata,
1405 840 1451 906 sic
1472 840 1505 905 in

180 934 342 1008 oratione,
367 939 401 997 nt
421 951 477 1007 ea,
501 952 581 1018 quae
603 932 773 998 maximam
795 933 959 1000 utilitatem
980 934 1012 999 in
1035 954 1069 999 se
1090 934 1300 1009 continerent,
1331 933 1504 1021 plurimum

181 1026 289 1093 eadem
319 1028 471 1091 baberent
498 1025 548 1091 vel
570 1025 728 1111 dignitatis
750 1029 801 1092 vel
823 1049 916 1115 saepe
937 1033 1030 1094 etiam
1052 1031 1234 1100 venustatis.
1279 1029 1505 1095 Incolumitatis

181 1142 217 1186 ac
238 1120 344 1188 salutis
367 1118 507 1185 omnium
530 1139 623 1185 causa
644 1119 788 1186 videmus
810 1121 891 1188 bunc
913 1132 1026 1190 statum
1054 1142 1122 1188 esse
1152 1123 1242 1188 buius
1271 1127 1367 1188 totius
1385 1123 1504 1189 mundi

143 1232 171 1273 1⁰
180 1222 274 1300 atque
295 1221 441 1289 naturae,
464 1216 635 1279 rotundum
656 1224 692 1280 ui
712 1214 832 1280 caelum
854 1225 1002 1304 terraque
1023 1226 1058 1282 ut
1079 1217 1182 1282 media
1205 1219 1246 1282 sit
1266 1237 1367 1302 eaque
1390 1239 1445 1283 sua
1468 1222 1501 1282 vi

180 1317 320 1394 nutuque
340 1315 499 1386 tenentum
536 1308 585 1372 sol
606 1316 641 1372 ut
662 1308 917 1387 circumferatur,
953 1322 987 1377 ut
1008 1314 1133 1377 accedat
1154 1310 1193 1376 ad
1215 1311 1355 1377 brumale
1378 1315 1504 1397 signum

180 1405 305 1468 atinde
326 1403 441 1467 sensim
464 1404 611 1466 ascendat
631 1403 663 1467 in
685 1401 841 1469 diversam
862 1414 1001 1491 partem
1024 1413 1060 1470 ut
1080 1409 1154 1471 luna
1175 1425 1302 1471 accessu
1324 1415 1355 1470 et
1376 1428 1504 1472 recessu

180 1519 238 1562 suo
267 1496 342 1563 solis
366 1499 472 1562 lumen
493 1496 644 1579 accipiat3
678 1502 844 1564 utendam
868 1503 966 1587 spatia
989 1503 1127 1587 quinque
1147 1499 1256 1565 stellae
1278 1499 1393 1586 dispari
1415 1510 1504 1565 motu

180 1611 335 1679 cursuque
357 1588 531 1657 conficiant.
576 1594 645 1660 179.
678 1594 765 1657 llaec
786 1601 901 1658 tantam
924 1592 1040 1660 babent
1061 1594 1143 1670 vim,
1174 1593 1313 1680 paullum
1334 1604 1370 1659 ui
1389 1596 1505 1660 immu-

142 1699 171 1742 ¹⁵
181 1693 242 1751 tata
263 1689 434 1751 cohaerere
455 1707 520 1749 non
541 1688 677 1771 possint,
709 1695 826 1752 tantam
846 1687 1124 1773 pulchritudinem,
1159 1688 1298 1755 utnulla
1320 1689 1441 1772 species
1463 1711 1504 1755 ne

180 1775 310 1864 cogitari
343 1778 469 1864 quidem
499 1782 598 1864 possit
628 1782 781 1847 ornatior.
840 1783 967 1849 Referte
995 1804 1078 1847 nunc
1108 1784 1245 1848 animum
1274 1781 1313 1848 ad
1342 1782 1504 1849 bominum

179 1875 230 1939 vel
260 1873 352 1940 ctiam
383 1883 558 1940 ceterarum
588 1874 789 1941 animantium
820 1874 954 1942 formam
984 1884 1016 1941 et
1044 1875 1185 1960 figuram.
1229 1876 1353 1942 Nullam
1382 1886 1504 1964 partem

180 1968 323 2055 corporis
352 1968 419 2034 sine
449 1968 553 2054 aliqua
580 1970 765 2037 necessitate
794 1969 929 2037 affictam
950 1979 1110 2057 totamque
1131 1971 1265 2036 formam
1288 1970 1377 2058 quasi
1399 1972 1504 2057 perie-

180 2073 260 2130 ctam
281 2063 447 2149 reperietis
468 2072 552 2139 arte,
588 2084 653 2130 non
675 2086 759 2131 casn.
801 2067 910 2130 XLVI.
946 2067 1030 2143 Quid
1051 2066 1085 2130 in
1106 2063 1291 2141 arboribus,
1326 2065 1358 2129 in
1388 2063 1503 2150 quibus

141 2178 243 2224 senon
264 2164 410 2233 truncas,
444 2177 508 2223 non
536 2161 633 2235 rami,
668 2180 732 2225 non
760 2157 837 2224 folia
858 2168 931 2225 sunt
951 2161 1088 2245 denique
1109 2158 1171 2225 nisi
1192 2162 1232 2225 ad
1254 2180 1342 2224 suam
1364 2161 1504 2224 retinen·

179 2254 252 2317 dam
265 2255 577 2337 conservandamque
590 2258 753 2319 naturam?
775 2274 928 2339 nusquam
943 2262 1046 2318 umen
1061 2262 1108 2319 est
1121 2254 1184 2320 ulla
1196 2274 1268 2341 pars
1280 2253 1340 2318 nisi
1356 2262 1500 2319 venusta.

181 2349 252 2410 180.
285 2345 477 2433 Linquamus
503 2355 646 2413 naturam
677 2357 821 2435 artesque
841 2346 1013 2416 videamus.
1056 2349 1140 2426 Quid
1161 2357 1225 2414 um
1246 2349 1279 2413 in
1301 2347 1426 2431 navigio
1449 2369 1503 2413 ne-

178 2438 347 2506 cessarium
380 2461 474 2525 quam
502 2440 621 2518 latera,
659 2463 752 2529 quam
779 2462 951 2518 cavernae,
989 2463 1082 2529 qnam
1105 2463 1218 2527 prora,
1256 2462 1348 2528 quam
1371 2445 1502 2528 puppis,

179 2555 272 2620 quam
301 2541 473 2611 antennae,
508 2557 602 2620 quam
631 2535 714 2610 vela,
748 2557 841 2622 quam
869 2535 964 2601 malit
1001 2557 1081 2623 quae
1103 2546 1208 2602 umen
1230 2540 1309 2601 bane
1332 2537 1449 2603 babent
1469 2541 1503 2603 in

140 2631 284 2715 esspecie
299 2637 510 2704 venustatem,
532 2640 568 2694 ut
588 2650 652 2695 non
667 2628 768 2695 solum
783 2630 890 2695 salutis
905 2635 961 2695 sed
976 2631 1070 2696 etiam
1086 2630 1254 2714 voluptatis
1269 2652 1362 2696 causa
1377 2635 1503 2698 inventa

178 2744 247 2789 esse
269 2721 446 2789 videantur.
491 2721 661 2789 Columnae
683 2732 715 2789 et
736 2724 850 2811 templa
872 2735 904 2789 et
918 2725 1055 2809 porticus
1070 2724 1242 2803 sustinent3
1267 2735 1370 2791 tamen
1387 2724 1504 2791 babent

177 2837 241 2884 non
263 2817 332 2903 plns
353 2814 493 2882 utilitatis
515 2838 608 2904 quam
630 2816 797 2901 dignitatis.
842 2819 987 2902 Capitolii
1009 2818 1163 2904 fastigium
1187 2819 1263 2885 illud
1281 2829 1312 2885 et
1327 2828 1502 2885 ceterarum

177 2912 301 2978 aedium
328 2932 392 2977 non
418 2921 564 2977 venustas
592 2915 649 2977 sed
674 2914 842 2979 necessitas
864 2915 930 2999 ipsu
951 2912 1101 2979 fabricata
1123 2921 1179 2978 est.
1223 2918 1301 2978 Nam
1324 2937 1394 2979 cum
1418 2923 1504 2980 esset

177 3003 280 3070 habita
308 3008 403 3084 ratio,
437 3004 701 3093 quemadmodum
729 3027 768 3072 ex
797 3017 929 3092 utraque
956 3010 1029 3072 tecti
1059 3017 1147 3092 paria
1177 3029 1257 3094 aqua
1281 3007 1499 3085 delaberetur,

140 3098 339 3166 mutilitatem
372 3103 479 3186 templi
510 3100 626 3184 fastigii
659 3101 793 3186 dignitas
822 3111 988 3168 consecuta
1016 3112 1080 3179 est;
1118 3111 1167 3178 ut,
1203 3105 1323 3167 etiamsi
1353 3106 1385 3167 in
1414 3103 1501 3168 caelo

178 3195 363 3281 Capitolium
385 3204 587 3268 statueretur,
614 3195 669 3260 ubi
691 3197 794 3260 imber
815 3217 883 3262 esse
905 3219 970 3262 non
991 3207 1113 3283 posset,
1145 3196 1262 3261 nullam
1285 3199 1351 3261 sine
1375 3196 1501 3284 fastigio

176 3289 355 3373 dignitatern
379 3289 556 3357 habiturum
577 3285 674 3354 fuisse
696 3288 849 3359 videatur.
893 3295 964 3356 181.
997 3295 1064 3355 lloc
1086 3291 1118 3355 in
1140 3290 1285 3356 omnibus
1308 3294 1382 3355 item
1405 3294 1502 3377 parti-

175 3382 234 3449 bus
256 3389 407 3452 orationis
429 3387 548 3459 evenit,
581 3390 617 3446 ut
636 3382 799 3448 utilitatem
823 3405 859 3450 ac
879 3406 980 3471 prope
1005 3384 1221 3450 necessitatem
1245 3385 1381 3450 suavitas
1404 3406 1501 3470 qnae-

176 3483 247 3544 dam
269 3488 301 3545 et
321 3480 409 3565 lepos
432 3487 652 3566 consequatur.
697 3476 857 3543 Clausulas
885 3482 967 3543 enim
994 3488 1087 3564 atquc
1108 3479 1306 3564 interpuncta
1328 3478 1501 3546 verborum

28 3616 32 3623 .
139 3574 297 3638 ssanimae
323 3573 507 3640 interclusio
536 3582 629 3660 atque
651 3571 809 3657 angustiae
830 3575 959 3656 spiritus
989 3573 1169 3638 attulerunt.
1216 3573 1249 3638 ld
1272 3574 1432 3640 inventum
1458 3576 1503 3639 iia

177 3691 384 3709 --,-.

247 3741 272 3788 1.
288 3739 507 3790 1611661011-
527 3739 553 3787 2.
565 3751 652 3788 ceram
664 3751 718 3787 om.
733 3737 765 3786 ii.
779 3762 813 3772 -
831 3744 855 3788 et
869 3752 922 3791 om.
934 3739 964 3788 11.
981 3764 1011 3775 -
1031 3745 1061 3787 ιιι
1072 3744 1128 3788 tum
1141 3737 1288 3790 Sebiiizius.
1304 3765 1337 3774 -
1355 3739 1380 3789 ³.
1396 3742 1503 3803 prauis·

174 3813 256 3860 simus
269 3815 323 3858 ium
336 3809 545 3860 1161111116.-
559 3808 585 3857 1.
602 3821 703 3857 omnssn
714 3809 823 3857 aurium
835 3807 897 3857 AB:
918 3823 1018 3858 omnem
1030 3811 1160 3858 rationem
1174 3816 1195 3856 ei
1210 3810 1382 3866 auriumlib,
1400 3824 1502 3860 omnem

176 3888 200 3931 et
219 3881 326 3932 aurium
339 3880 371 3929 T.
394 3905 421 3917 -
443 3881 469 3931 5.
489 3880 525 3928 ad
541 3886 642 3928 motuni
660 3879 693 3929 11.
714 3904 745 3915 -
764 3874 858 3927 utatur
871 3879 902 3927 Α.
924 3906 954 3917 -
974 3882 1090 3928 vortitur
1103 3880 1133 3928 li.
1156 3905 1183 3916 -
1205 3881 1231 3928 7.
1250 3880 1394 3942 plurimum
1411 3882 1502 3931 eadem

175 3952 300 4001 baberent
318 3949 341 3999 Α
359 3951 475 4011 iiiique,
496 3950 538 4000 li:
559 3949 648 3998 eadem
667 3948 789 3999 baberent
807 3949 948 4008 plurimum
968 3949 998 3998 11.
1019 3948 1068 4007 (lle
1088 3950 1107 3997 6
1128 3962 1180 3999 non
1200 3949 1303 4011 liquet.)
1325 3975 1352 3986 -
1374 3954 1418 4002 10.
1439 3951 1500 4015 saa]

175 4027 236 4072 sunt
256 4020 287 4071 ii.
304 4044 335 4055 -
365 4023 407 4071 11.
429 4020 469 4070 sai
486 4020 523 4070 ad
541 4032 598 4068 eant
615 4019 816 4082 circumferatur
834 4022 872 4072 Α.
890 4020 930 4069 soi
948 4025 978 4068 ut
994 4019 1030 4069 ad
1048 4033 1106 4068 sam
1125 4020 1326 4083 circumferatur
1344 4022 1375 4070 li.
1397 4046 1425 4057 -
1456 4024 1499 4074 ia.

177 4093 267 4142 lunam
286 4092 317 4141 ii.
337 4117 369 4128 -
389 4091 432 4141 1³.
453 4103 501 4139 suo
519 4103 571 4140 om.
591 4090 647 4139 ΑΒ.
670 4114 696 4125 -
719 4089 837 4150 dispares
857 4089 890 4139 ii.
912 4114 942 4126 -
972 4089 1014 4140 16.
1035 4088 1184 4154 conficiant]
1204 4094 1347 4152 conspiciat
1364 4090 1423 4153 (sic)
1443 4092 1499 4143 111.

178 4189 208 4200 -
226 4162 349 4226 paullum
367 4168 397 4211 ut
415 4161 460 4209 AB
479 4162 597 4224 sitique:
618 4165 647 4210 ut
662 4161 785 4222 paullum
805 4160 859 4210 iiii.
891 4185 918 4197 -
952 4160 995 4210 16.
1015 4163 1129 4223 copitari
1147 4162 1192 4211 ΑΒ
1211 4162 1327 4223 alitque:
1353 4165 1501 4225 excapitari

176 4233 232 4283 itii.
255 4258 282 4269 -
317 4231 360 4282 17.
381 4238 525 4283 ceterorum
543 4232 574 4282 ii.
602 4255 634 4266 -
665 4231 708 4281 18.
727 4232 847 4296 affectam
866 4230 920 4279 ΑΒ.
946 4255 979 4264 -
1010 4231 1052 4280 10.
1073 4234 1102 4280 in
1120 4233 1156 4280 eis
1173 4233 1313 4282 arboribus
1332 4234 1394 4289 ab.
1416 4236 1443 4282 in
1461 4233 1500 4282 bis

175 4302 314 4353 arboribus
333 4304 365 4353 11.
386 4325 417 4336 -
437 4302 480 4351 01.
499 4314 631 4364 nusquam
648 4327 660 4338 ·
672 4326 683 4338 ·
700 4308 827 4350 naturam
839 4314 891 4350 om.
905 4300 960 4349 ΑΒ.
977 4325 1006 4337 -
1027 4302 1070 4352 66.
1090 4301 1228 4364 sacenae]
1250 4305 1358 4354 carinae
1377 4305 1438 4368 Lag.
1453 4305 1499 4354 10.

177 4382 204 4424 et
222 4373 288 4430 61..
308 4375 371 4424 item
389 4371 473 4423 Aldus
492 4385 576 4433 usque
596 4373 628 4422 ad
648 4371 810 4430 Gruterum,
830 4378 934 4432 preater
953 4370 1129 4426 Lambinum,
1150 4377 1195 4434 qut
1215 4375 1317 4423 carina.
1339 4401 1366 4412 -
1388 4374 1429 4422 11.
1452 4389 1501 4423 an·

177 4451 258 4493 tenna
276 4444 330 4494 ΑΒ.
352 4456 483 4506 -quam
500 4442 560 4492 uela
579 4455 630 4492 oin.
652 4444 683 4491 Α.
703 4467 737 4477 -
762 4456 840 4507 quam
857 4441 896 4490 ali
915 4442 946 4490 Α.
987 4443 1135 4504 «Quattuor
1154 4443 1216 4493 bfss.
1237 4458 1251 4495 e
1272 4443 1391 4493 bibliotb.
1414 4445 1497 4494 Paris.

176 4511 213 4576 (ct
228 4527 271 4563 sex
291 4512 365 4578 Lag.)
385 4520 444 4572 post
462 4515 527 4563 baec
545 4528 569 4564 r.
591 4512 692 4562 addant
704 4526 781 4578 quam
795 4512 927 4575 reliqua.»
947 4511 1063 4562 Leciere.
1086 4512 1181 4561 -16
1202 4522 1225 4563 et
1244 4521 1305 4565 ente
1325 4515 1421 4575 templa
1439 4528 1498 4564 cum

177 4583 261 4632 Ccdd.
276 4585 337 4646 aliq.
353 4597 405 4634 orn.
420 4583 451 4635 T.
473 4582 579 4635 flebant
592 4585 647 4640 ΑΒ.
661 4583 693 4632 ti.
715 4608 745 4620 ·-
765 4583 809 4632 27.
828 4578 967 4652 utilitatis]
986 4585 1131 4634 honestatis
1150 4584 1181 4634 ii.
1200 4610 1233 4619 -
1253 4585 1296 4633 28.
1316 4593 1352 4634 est
1372 4599 1424 4633 οιιι.
1440 4585 1497 4635 AB.

178 4678 207 4690 -
230 4651 304 4717 esset]
324 4662 360 4704 est
378 4654 410 4703 Α.
432 4678 462 4689 -
482 4654 527 4704 60.
547 4662 611 4704 utra
628 4654 657 4703 ii.
679 4678 708 4690 -
728 4663 806 4717 parte
825 4654 884 4703 tecti
898 4654 928 4700 ii.
944 4678 976 4688 -
995 4652 1077 4716 aqua]
1097 4655 1190 4717 aliqua
1209 4655 1322 4704 Ernesiii
1343 4669 1450 4713 operae.
1466 4682 1499 4690 —

176 4721 220 4771 60.
240 4725 344 4786 templi,
365 4724 471 4789 fastiqii
489 4725 556 4776 mele
575 4725 711 4788 distinguit
731 4726 761 4774 E.
781 4750 812 4761 -
842 4720 957 4787 fustiqii]
976 4725 1042 4786 [asti
1059 4724 1112 4774 ΑΒ.
1140 4750 1169 4761 -
1203 4724 1246 4773 61.
1267 4724 1425 4786 Capitolium
1443 4733 1499 4775 sta·

176 4799 294 4843 iuuetur
314 4797 356 4846 ΑΒ
375 4796 490 4857 aliique,
514 4797 552 4844 ii:
580 4800 741 4847 statueretur
758 4800 821 4854 (om.
843 4794 1010 4859 Capitolium)
1030 4794 1061 4845 ll.
1092 4819 1121 4832 -
1150 4792 1194 4843 61.
1214 4793 1295 4857 [uisse
1313 4795 1358 4846 AB
1378 4796 1497 4860 aliique,

176 4863 217 4915 Bi
235 4876 287 4916 a„
305 4865 337 4918 Ee
360 4891 387 4905 “
408 4866 452 4919 ³5·
471 4866 591 4918 ‘numm
609 4865 640 4917 B·
