3232 5392
175 199 238 266 iis
760 200 910 268 BRUTUS

175 363 254 426 Nam
276 366 309 426 st
329 359 462 449 Odyssia
483 357 601 444 Latina⁸
615 367 662 424 est
683 361 729 427 sic
749 368 907 449 tamquam
928 379 1008 449 opus
1030 359 1158 448 aliquod
1179 360 1331 443 Daedali,
1354 373 1389 433 ei
1402 364 1508 433 Liria-

175 474 235 520 nae
263 451 386 520 fabulae
414 474 478 520 non
507 455 581 519 satis
608 453 738 539 dignae,
771 476 852 543 quae
880 458 996 521 iterum
1025 457 1180 542 legentur.
1228 461 1283 526 lS.
1319 464 1423 546 Atque
1456 459 1508 527 hic

174 547 303 626 Livius,
338 547 392 634 qui
413 549 534 631 primus
562 544 722 627 fabulam,
757 551 791 614 C.
814 549 961 627 Claudio,
995 550 1088 616 Caeci
1109 549 1192 629 lilio,
1227 560 1260 619 ci
1279 555 1324 618 ii.
1346 552 1505 621 Tuditano

176 642 374 718 consulibus,
398 644 504 707 docuit
525 663 607 708 anno
630 642 701 726 ipso
722 652 812 721 ants,
836 665 929 731 quam
950 651 1042 710 natus
1063 650 1112 710 est
1125 646 1263 724 Ennius:
1284 654 1358 733 post
1371 651 1506 715 Romam

152 737 332 806 :conditam
353 744 457 802 antem
478 738 717 821 quartodecimo
738 747 771 804 et
791 738 1062 823 quingentesimo,
1092 746 1128 806 ut
1148 740 1202 806 liic
1223 739 1290 819 ait,
1320 762 1417 830 qnam
1445 763 1506 808 nos

174 838 352 921 sequimur;
389 839 437 895 est
464 832 548 895 enim
577 830 661 897 inter
690 832 860 919 scriptores
882 831 922 899 de
944 852 1075 899 numero
1098 854 1252 902 annornm
1273 837 1502 905 controversia.

174 931 287 996 Accius
318 935 421 992 eutem
450 944 468 988 a
500 925 540 1002 Q.
564 927 701 991 ldaximo
732 925 876 1012 quintum
905 927 1034 994 consule
1064 936 1190 1013 captum
1217 932 1348 998 Tarenti
1380 931 1506 1020 scripsit

173 1025 297 1088 Livium
319 1023 408 1087 annis
430 1037 517 1084 xxx.
540 1027 632 1104 post,
661 1039 753 1107 quam
776 1042 848 1086 eum
870 1018 1008 1088 fabulam
1031 1023 1176 1089 docuisse
1198 1031 1232 1090 et
1252 1025 1373 1092 Atticus
1395 1025 1505 1093 scribit

174 1126 207 1184 ei
224 1138 282 1182 nos
298 1114 331 1180 in
352 1111 488 1198 antiquis
510 1113 744 1179 commentariis
766 1113 962 1181 invenimus:
998 1118 1051 1182 73.
1076 1115 1222 1184 docuisse
1241 1129 1345 1186 antem
1363 1119 1503 1188 fabulam

135 1211 266 1277 :oannis
287 1215 359 1296 post
378 1227 452 1283 xc,
491 1206 526 1271 C.
555 1207 719 1282 Cornelio,
755 1210 805 1287 Q.
821 1211 958 1275 Minucio
989 1210 1171 1278 consulibus
1201 1212 1284 1280 ludis
1316 1214 1500 1293 luventatis,

174 1326 254 1393 quos
277 1302 434 1368 Salinator
456 1302 585 1367 Senensi
608 1301 731 1385 proelio
754 1310 894 1368 voverat.
940 1305 977 1368 ln
998 1324 1063 1392 quo
1084 1312 1189 1370 tantus
1211 1327 1302 1373 error
1322 1308 1409 1375 Accii
1430 1307 1500 1387 init,

172 1401 277 1466 uthis
299 1395 479 1463 consulibus
500 1417 556 1462 xc.
578 1417 677 1464 annos
697 1405 789 1464 natus
811 1397 930 1463 Ennius
951 1396 1066 1464 fuerit:
1105 1401 1157 1465 cui
1184 1400 1212 1467 si
1240 1403 1381 1488 aequalis
1407 1401 1504 1470 fuerit

173 1492 299 1571 Livius,
335 1493 439 1557 minor
465 1489 524 1556 luit
553 1490 713 1576 aliquanto
742 1493 788 1570 is,
827 1498 879 1581 qui
901 1495 1023 1581 primus
1043 1491 1183 1561 labulam
1206 1498 1311 1573 dedit,
1348 1516 1443 1582 qum
1465 1496 1507 1575 ii,-

172 1588 227 1676 qui
249 1586 361 1652 multas
383 1589 556 1652 docuerant
578 1595 650 1652 ante
672 1588 732 1654 hos
754 1587 918 1666 consules,
955 1597 987 1654 et
1007 1591 1135 1655 Plautus
1157 1598 1190 1656 et
1211 1589 1358 1656 Naevius.
1412 1592 1501 1656 iiix.

133 1685 234 1749 ιι71ι.
250 1685 337 1748 llaec
358 1683 384 1746 si
407 1682 509 1746 minus
530 1688 602 1765 apta
624 1680 773 1749 ridentur
793 1683 868 1748 huic
890 1685 1051 1762 sermoni,
1080 1689 1197 1762 Brute,
1232 1688 1336 1752 Attico
1362 1685 1501 1772 assigna,

172 1777 228 1865 qui
256 1797 306 1842 me
335 1776 539 1841 inflammarit
565 1774 668 1841 studio
696 1775 863 1842 illustrium
885 1777 1051 1844 hominnm
1073 1781 1189 1845 aetates
1211 1787 1244 1846 ei
1263 1788 1408 1866 tempora
1430 1800 1503 1867 per-

172 1870 335 1960 sequendi.
380 1873 447 1956 ligo
476 1891 572 1947 vero,
607 1869 708 1957 inquit
732 1873 868 1948 Brutus,
904 1879 936 1936 ct
961 1872 1103 1939 delector
1133 1875 1191 1938 iste
1219 1873 1308 1960 qnesi
1337 1873 1504 1940 notatione

173 1974 348 2053 temporum
371 1973 402 2029 et
422 1962 462 2029 ad
483 1965 534 2041 id,
558 1965 644 2050 quod
664 1962 826 2030 instituisti
847 1973 1010 2032 oratorum
1033 1986 1151 2051 genera
1172 1965 1366 2052 distinguere
1389 1967 1502 2034 aetati·

172 2064 247 2137 bus,
278 2063 368 2126 istam
399 2057 592 2145 diligentiam
614 2078 684 2124 esse
705 2061 973 2125 accommodatum
995 2068 1082 2147 puto.
1125 2064 1178 2126 75.
1202 2063 1321 2140 Recte,
1357 2063 1501 2151 inquam,

135 2159 282 2230 sthte‚
305 2152 469 2237 intelligis:
494 2161 588 2240 atque
611 2155 729 2219 utinam
744 2160 906 2219 exstarent
926 2153 980 2220 ille
994 2155 1149 2230 carmina,
1172 2175 1254 2241 quae
1267 2155 1373 2221 multis
1388 2155 1503 2223 seculis

172 2257 245 2315 aute
267 2270 356 2315 suam
377 2256 511 2314 aetatem
533 2249 566 2316 in
588 2249 688 2335 epulis
710 2270 779 2316 esse
801 2254 985 2317 mutilatae
1008 2249 1139 2336 singulis
1161 2252 1302 2317 convivis
1331 2254 1371 2316 de
1400 2250 1504 2317 claro-

172 2366 242 2409 rum
258 2345 397 2410 virornm
418 2343 563 2411 laudibus
585 2345 618 2410 in
634 2343 818 2431 Originibus
833 2344 984 2429 scriptum
998 2344 1126 2433 reliquit
1141 2345 1239 2410 Caici
1262 2348 1380 2412 Tamen
1401 2345 1501 2423 illius,

173 2458 268 2524 quem
289 2440 322 2503 in
343 2437 466 2504 ratibus
489 2446 521 2504 et
541 2438 655 2505 Faunis
683 2446 868 2505 annumerat
897 2440 1038 2517 Ennius,
1074 2438 1194 2505 bellum
1223 2437 1375 2505 Punicum
1409 2442 1500 2527 quasi

172 2531 312 2619 Myronis
335 2552 430 2616 opus,
454 2535 599 2599 delectat.
654 2537 706 2598 76.
732 2533 780 2598 Sit
799 2534 918 2599 Ennius
940 2553 1027 2608 sane,
1057 2539 1092 2597 ut
1113 2542 1161 2598 est
1182 2540 1283 2610 certe,
1306 2532 1499 2618 perfectior:

134 2629 228 2714 etqui
251 2627 278 2692 si
298 2625 404 2703 iilum,
428 2636 464 2692 ut
484 2626 625 2703 simulat,
648 2635 880 2702 contemneret,
903 2647 966 2692 non
988 2628 1094 2692 omnia
1115 2625 1197 2693 bella
1219 2648 1412 2715 persequens
1434 2627 1502 2713 pri·

173 2742 259 2788 mum
280 2721 360 2789 illud
383 2720 534 2788 Punicum
557 2725 744 2787 acerrimum
766 2721 882 2786 bellum
904 2719 1093 2808 reliquisset.
1137 2725 1200 2787 Sed
1220 2723 1287 2808 ipse
1310 2725 1408 2801 dicit,
1440 2743 1500 2790 cnr

172 2814 206 2908 id
225 2814 334 2889 iaciat,
356 2849 371 2863 ·
386 2852 401 2865 -
421 2819 582 2899 scripsere,
603 2816 720 2903 inquii,
743 2817 800 2879 atii
821 2836 886 2880 rem
904 2817 1057 2892 cortilus,
1078 2849 1094 2863 ·
1107 2849 1121 2863 ·
1143 2824 1174 2881 et
1194 2815 1352 2883 luculente
1368 2815 1500 2903 quidem

172 2913 379 2997 scripserunt,
404 2910 524 2976 etiamsi
547 2911 662 2986 minus,
685 2930 779 2995 quam
801 2919 849 2984 iu,
871 2911 985 2998 polite:
1026 2929 1085 2976 nec
1106 2930 1184 2977 rero
1205 2911 1263 2977 tibi
1284 2911 1375 2978 aliter
1397 2909 1500 2977 videri

173 3009 284 3082 debet,
320 3007 374 3090 qui
407 3025 425 3070 a
453 3004 571 3072 Naevio
599 3007 650 3070 vel
678 3004 837 3091 sumpsisti
864 3003 979 3081 multa,
1014 3003 1041 3070 si
1069 3003 1193 3083 lateris,
1226 3005 1295 3084 vel,
1330 3005 1357 3072 si
1380 3026 1495 3090 negas,

135 3098 363 3186 ”surripuisti

259 3198 312 3259 77.
338 3197 414 3261 Cum
428 3192 491 3257 hoc
510 3192 627 3258 Catone
641 3191 824 3277 grandiores
844 3200 921 3258 natu
934 3190 1062 3259 fuerunt
1077 3195 1111 3260 C.
1126 3193 1304 3269 Flaminius,
1327 3195 1362 3259 C.
1379 3195 1496 3272 Varro,

172 3290 212 3366 Q.
234 3292 403 3365 Maximus,
426 3290 467 3367 Q.
490 3286 651 3364 Metellus,
673 3289 708 3352 P.
730 3285 892 3363 Lentulus,
924 3288 958 3357 P.
982 3288 1128 3367 Crassus,
1161 3291 1214 3376 qui
1237 3310 1307 3354 cum
1330 3291 1496 3376 superiore

241 3523 267 3572 1.
289 3517 402 3586 Odyssia
419 3521 478 3572 librt
497 3533 606 3580 omues.
631 3521 672 3570 lt:
705 3518 820 3582 odyssea
837 3518 870 3569 ii.
891 3542 923 3555 -
953 3520 980 3569 3.
1007 3518 1258 3584 icentunae.
1287 3547 1316 3559 -
1349 3520 1376 3571 3.
1405 3519 1497 3571 licius

168 3592 272 3656 primos
290 3604 349 3642 curu
368 3593 490 3644 Scititrio
510 3600 537 3643 et
554 3591 723 3654 Bernhardpo
742 3589 847 3641 Ellendt
865 3595 954 3641 contre
973 3603 1064 3641 omnes
1084 3590 1163 3641 libros
1183 3597 1209 3641 ιι
1222 3591 1261 3652 ιι,
1283 3592 1324 3642 ιιι
1341 3590 1494 3654 recitetur,

171 3665 217 3727 qai
228 3662 321 3713 Lemo.
335 3662 441 3713 Metim:
463 3661 606 3713 italicis:
618 3667 664 3721 ert.
678 3662 741 3726 qui:
760 3659 911 3712 scribebant
921 3659 1036 3713 liotust.
1050 3660 1166 3711 Selinuii
1180 3664 1246 3712 ratio
1260 3663 1398 3726 languere,
1414 3664 1496 3712 immo

170 3730 247 3786 ιαιὰ
265 3730 319 3785 τὸν
335 3731 456 3800 λογικὸν
474 3729 569 3783 τόπον
587 3744 698 3794 peccare
723 3732 844 3791 ridetur:
873 3744 998 3795 quorsum
1022 3735 1092 3782 enim
1118 3736 1172 3781 turn
1192 3732 1257 3783 iaec
1275 3733 1495 3784 narratiuncula?

170 3805 205 3854 a:
233 3803 372 3854 manifesto
398 3804 449 3855 troc
476 3802 562 3854 dicere
591 3802 694 3854 volebat
721 3799 814 3852 Cicero
841 3801 920 3852 simul
947 3799 1127 3853 eruditionem
1158 3801 1309 3854 historicam
1335 3810 1493 3855 ostentans:

171 3874 312 3927 «Attamen
340 3873 383 3923 iric
410 3874 501 3925 Livius
529 3885 581 3924 non
601 3873 659 3935 ptus
679 3871 835 3923 clxxvii.
855 3875 931 3923 annis
949 3877 1011 3924 ente
1030 3885 1072 3924 ιιιι
1091 3872 1226 3922 consulem
1245 3872 1352 3933 floruit,
1380 3872 1447 3924 eden
1465 3879 1496 3922 ui

170 3946 254 3996 mutto
282 3944 468 3996 elaboratiores
495 3949 576 4007 etque
601 3945 771 4007 elegantiores
797 3942 896 3994 inbutas
921 3941 954 3992 ab
984 3954 1016 3993 eo
1035 3947 1186 4004 exspectem
1205 3945 1262 3994 ture
1288 3952 1377 3994 nestro
1405 3955 1494 4005 possc-

170 4028 257 4067 mus.»
277 4015 329 4067 Οιι.
351 4041 380 4052 -
410 4015 521 4066 charito
540 4015 578 4063 lt:
607 4013 696 4064 Clodio
716 4025 775 4064 cum
795 4013 885 4071 libris.
905 4016 935 4063 ui
953 4013 1072 4071 ridetur,
1093 4012 1216 4063 omnibus
1235 4012 1266 4064 ii.
1302 4014 1392 4064 Altera
1409 4013 1494 4065 torma

171 4092 211 4138 ιιι
237 4091 264 4138 in
291 4088 408 4151 antiquis
433 4087 515 4137 lestis
542 4084 712 4148 Capitolinis,
741 4086 787 4148 qut
806 4083 877 4146 quod
900 4083 933 4134 ad
953 4078 1160 4153 ὀρθογραφιαι
1177 4086 1272 4136 attinet
1289 4097 1394 4146 semper
1412 4084 1494 4145 prote

171 4157 347 4222 distinguendi
367 4163 429 4208 suut
445 4170 459 4207 ι
479 4160 654 4206 recentiorum
672 4155 872 4215 supplementis.
892 4178 922 4190 -
953 4153 980 4204 i.
999 4154 1057 4216 ipso
1075 4160 1156 4216 onte,
1175 4167 1255 4219 quom
1272 4154 1318 4218 Lg.
1338 4154 1365 4204 e.
1384 4153 1428 4204 33.
1446 4155 1492 4207 53.

170 4226 214 4280 itt.
240 4228 288 4278 58:
321 4230 398 4292 ipso,
426 4231 567 4291 antequam
593 4226 623 4275 ll.
652 4249 680 4261 -
712 4223 739 4275 ὅ.
768 4230 857 4276 cutem
879 4223 1012 4274 conditum
1036 4223 1069 4273 n.
1094 4224 1146 4275 Gn·
1172 4226 1198 4274 1.
1222 4225 1250 4274 S.
1278 4224 1374 4277 ltresd.
1402 4224 1492 4277 Peter·

172 4323 201 4338 -
234 4297 478 4351 cicumcisio
505 4297 640 4359 plerique:
671 4294 762 4345 Διιιιιι
786 4296 827 4357 ii,
854 4295 940 4346 Διιιιιι
960 4295 991 4344 n.
1018 4319 1050 4332 -
1079 4299 1187 4345 oeten:
1219 4295 1250 4359 Q.
1269 4293 1390 4346 Mastmo
1412 4297 1494 4348 ltrne·

169 4370 213 4419 sili
231 4382 337 4431 operae.
358 4395 391 4405 -
423 4369 533 4418 Tarenti
555 4367 677 4418 dedimus
702 4378 763 4416 cum
789 4368 877 4417 nescio
902 4377 956 4429 quo
981 4364 1052 4427 apud
1077 4363 1241 4433 coccedunt,
1270 4373 1296 4416 et
1319 4366 1352 4418 de
1377 4366 1493 4418 Ernestii

170 4443 337 4501 suspicione:
358 4440 473 4490 Torento
493 4451 552 4489 cum
566 4437 650 4489 codd·
666 4438 799 4500 plerisque
812 4437 851 4495 ii.
870 4436 914 4488 elit
936 4438 1013 4498 proci
1032 4438 1127 4486 vitiose
1147 4435 1299 4487 Tersotum.
1314 4459 1346 4473 -
1364 4439 1409 4488 to.
1429 4434 1490 4501 η]

169 4509 232 4560 ΧΗ.
252 4511 405 4562 Wetreitus.
427 4535 455 4548 —
476 4511 520 4559 ie.
542 4510 585 4558 eat
602 4510 626 4558 ιι
645 4509 765 4574 ospacti:
782 4509 822 4567 ii.
841 4505 951 4571 lleper,
970 4504 1009 4557 T:
1029 4508 1073 4556 coi
1090 4519 1150 4558 cum
1166 4507 1287 4572 emunita
1304 4519 1364 4558 eum
1377 4508 1444 4560 dido
1458 4508 1490 4569 ii,

170 4582 240 4644 quod
256 4582 375 4644 aequalis
393 4593 452 4632 curu
474 4579 539 4630 (ιιι.
559 4579 624 4642 lteg.
643 4577 676 4629 n.
697 4577 787 4630 Gueti.
806 4579 832 4628 1.
853 4583 879 4628 ci
901 4577 928 4627 S.
948 4588 980 4628 ιι
1004 4575 1148 4629 ΙιιιιιιιιιΙ
1172 4577 1271 4636 Peter:
1300 4578 1327 4628 id
1354 4579 1425 4643 qnod
1451 4582 1491 4630 in·

170 4651 250 4716 teiitgi
263 4656 366 4715 nequit.
401 4651 470 4703 Mire
483 4654 562 4702 etiem
577 4650 682 4700 Ellendt
694 4651 721 4699 in
734 4649 797 4700 Ver.
812 4647 873 4698 lect.
891 4650 946 4699 sic:
967 4648 1033 4697 «eat
1050 4644 1119 4713 cum]
1139 4650 1182 4698 cui
1198 4652 1222 4700 ιι·
1240 4647 1283 4698 ed.
1298 4660 1338 4710 pr.
1352 4654 1379 4699 ιι
1387 4650 1489 4715 lieret,

170 4722 240 4773 nulia
259 4724 352 4775 idonea
372 4734 490 4779 ιιιιιιςι
519 4721 603 4773 edidit
619 4727 707 4771 umen
725 4721 768 4770 cut
785 4719 824 4778 ιι,
853 4717 886 4768 ds
912 4723 1060 4770 ceterorum
1083 4732 1192 4770 suorum
1222 4717 1305 4769 Codd.
1332 4719 1490 4771 lectionibus

170 4801 269 4847 ussus.
286 4820 315 4833 -
336 4790 379 4843 2³.
398 4797 558 4845 annumerat
571 4792 649 4842 iibri:
668 4797 803 4841 ιιιιιιιιιιιι
816 4800 875 4839 cum
890 4790 1014 4841 escensio
1027 4789 1059 4840 ii.
1078 4786 1212 4852 (ιιιιιιιαι
1222 4790 1326 4841 rolebei
1342 4790 1446 4856 Lemo.)
1458 4818 1488 4830 -

169 4866 214 4920 ei.
231 4865 350 4918 ιοιιιιιι
367 4879 399 4920 ιι
413 4866 524 4929 antique
542 4863 620 4916 llnnti
636 4864 763 4925 scriptura
783 4860 830 4926 lg.
844 4860 871 4914 8.
885 4860 929 4914 ³5.
942 4859 986 4912 51.
1003 4859 1047 4913 53.
1066 4860 1135 4915 ιιι.
1148 4863 1175 4914 1.
1196 4860 1302 4914 Οιιοι.ι
1320 4862 1439 4914 cernito
1456 4862 1488 4916 ii.
