3232 5392
166 140 209 210 94
628 136 680 209 ab
708 137 941 208 Hssanaawtt

166 300 453 378 confirmationem,
471 301 724 378 exornationem,
739 300 1001 388 complexionem.
1044 300 1222 389 Propositio
1238 309 1304 380 est,
1322 322 1382 391 per
1396 323 1493 392 qnam

166 399 361 464 ostendimus
377 398 574 472 summatim,
598 397 673 481 quid
685 396 741 468 sit,
764 398 850 482 quod
864 399 998 481 probare
1013 395 1170 462 volumus.
1215 400 1305 464 Ratio
1321 407 1370 464 est
1384 419 1490 477 causa,

166 513 247 578 quae
270 495 465 557 demonstrat
485 511 596 556 verum
619 512 688 556 esse
713 492 765 566 id,
801 493 887 576 quod
916 487 1122 565 intendimus,
1145 492 1248 556 'brevi
1278 489 1489 558 subiectione.

164 588 306 652 Rationis
328 582 521 650 confirmatio
544 592 592 649 est
613 605 669 660 ea,
692 604 774 670 quae
788 581 930 670 pluribus
944 584 1134 668 argumentis
1149 582 1336 651 corroborat
1350 589 1493 674 breviter

144 683 341 767 sexpositam
374 682 541 745 rationem.
585 682 758 746 Exornatio
791 687 855 756 est,
891 698 953 764 qua
984 679 1103 743 utimur
1132 680 1182 743 rei
1214 681 1430 748 honestandae
1457 688 1492 747 et

93 823 96 829 -
166 774 452 861 collocupletandae
467 795 577 851 causa,
601 774 781 840 confirmata
795 774 1076 858 argumentatione.
1118 773 1302 859 Complexio
1317 782 1384 854 est,
1408 796 1490 862 quaa

166 868 323 933 concludit
343 865 501 945 breviter,
532 869 681 953 colligens
703 877 808 956 partes
829 869 1117 955 argumentationis.
1163 870 1257 934 Hisce
1279 872 1376 954 igitur
1398 872 1490 957 quin-

166 983 227 1048 que
248 960 390 1048 partibus
411 970 446 1028 ut
466 963 699 1029 absolutissime
720 972 861 1039 utamur,
891 965 953 1027 hoc
978 965 1075 1027 modo
1097 965 1300 1030 tractabimus
1322 985 1493 1049 argumen-

165 1059 326 1121 tationem.
373 1059 459 1121 XlX‘.
495 1058 628 1123 Causam
662 1061 864 1124 ostendemus
897 1056 977 1124 Ulixi
1009 1055 1125 1132 luisse,
1164 1079 1260 1144 quare
1294 1058 1491 1125 interfecerit

127 1154 310 1230 soliarem
347 1151 508 1216 inimicum
534 1153 618 1217 enim
651 1154 839 1218 acerrimum
869 1154 908 1216 de
939 1153 1044 1217 medio
1067 1151 1177 1216 tollere
1198 1150 1344 1229 volebat,
1382 1174 1487 1241 aquo

164 1243 224 1310 sibi
246 1267 310 1311 non
332 1248 444 1311 iniuria
465 1268 622 1312 summum
642 1246 818 1334 periculum
841 1243 1011 1312 metuebat.
1055 1248 1190 1312 Videbat
1211 1246 1266 1312 illo
1288 1248 1437 1312 incolumi
1452 1269 1487 1312 se

164 1338 354 1407 incolumem
376 1361 440 1407 non
460 1339 620 1418 iuturum3
655 1340 802 1428 sperabat
822 1340 905 1406 illius
931 1348 1033 1405 morte
1062 1362 1096 1404 se
1125 1339 1254 1406 salutem
1278 1340 1339 1405 sibi
1361 1361 1490 1428 compa-

163 1454 254 1512 rare3
288 1443 512 1512 consueverat,
548 1437 574 1499 si
597 1438 663 1501 iure
686 1458 751 1500 non
772 1442 912 1521 poterat,
935 1436 1048 1499 iniuria
1070 1436 1180 1520 quavis
1201 1436 1330 1499 inimico
1353 1436 1487 1500 exitium

163 1530 354 1605 machinari,
393 1531 444 1594 cui
472 1532 519 1595 rei
547 1552 633 1595 mors
657 1532 785 1614 indigna
806 1528 980 1593 Palamedis
1002 1531 1216 1593 testimonium
1238 1532 1303 1594 dat.
1348 1533 1431 1613 Ergo
1455 1537 1489 1594 et

125 1637 153 1678 1⁵
164 1632 266 1688 metus
287 1624 419 1711 periculi
441 1621 626 1689 hortabatur
648 1645 719 1690 eum
743 1625 942 1699 interimere,
972 1643 1067 1709 aquo
1089 1623 1276 1710 supplicium
1298 1622 1484 1702 verebatur3

164 1726 197 1781 et
223 1722 417 1783 consuetudo
451 1717 601 1805 peccandi
634 1716 779 1783 maleficii
811 1719 1001 1803 suscipiendi
1030 1715 1214 1782 removebat
1242 1715 1483 1783 dubitationem.

163 1813 216 1874 29.
240 1813 358 1876 Omnes
381 1814 464 1876 enim
488 1835 559 1876 cum
580 1815 711 1877 minima
732 1821 859 1899 peccata
881 1831 951 1876 cum
975 1833 1068 1876 causa
1089 1813 1277 1897 suscipiunt,
1310 1819 1376 1875 tum
1408 1830 1489 1876 vern

162 1902 229 1979 illa,
267 1926 347 1991 quae
375 1905 474 1970 multa
503 1909 639 1972 maxima
666 1916 740 1972 sunt
759 1903 927 1982 maleficia,
965 1904 1069 1991 aliquo
1093 1913 1179 1969 certo
1202 1903 1416 1969 emolumento
1438 1905 1488 1966 in·

163 1996 248 2062 ducti
270 2002 427 2085 suscipere
449 2009 614 2064 conantur.
660 2002 692 2064 Si
715 2001 830 2066 multos
851 2002 975 2065 induxit
995 2001 1027 2062 in
1050 2007 1212 2080 peccatum
1232 2001 1384 2085 pecuniae
1400 2018 1483 2084 spes,

125 2096 188 2159 usi
212 2094 389 2181 complures
410 2093 529 2159 scelere
551 2116 585 2158 se
608 2098 858 2160 contaminarunt
878 2095 1001 2180 imperii
1032 2092 1217 2178 cupiditate,
1255 2095 1281 2157 si
1303 2093 1393 2158 multi
1415 2093 1485 2157 leve

163 2191 384 2273 compendium
405 2185 515 2253 fraude
537 2190 675 2252 maxima
696 2197 945 2262 commutarunt,
968 2188 1018 2252 cui
1040 2189 1154 2251 mirum
1177 2185 1335 2252 videbitur
1355 2191 1486 2254 istuma

163 2279 317 2347 maleficio
341 2287 469 2367 propter
490 2283 676 2345 acerrimam
697 2280 898 2347 formidinem
920 2303 985 2345 nnn
1007 2287 1221 2367 temperasse?
1248 2284 1358 2348 Virum
1381 2283 1487 2348 lortis·

163 2379 294 2451 simum,
318 2377 574 2460 integerrimum,
599 2378 832 2441 inimicitiarum
854 2377 1202 2462 persequentissimum,
1225 2377 1339 2442 iniuria
1360 2377 1487 2443 lacessi·

163 2480 248 2547 tum,
285 2473 332 2536 ira
365 2473 588 2536 exsuscitatum
620 2474 717 2536 bomo
751 2472 896 2546 timidus,
932 2492 1064 2542 nocens,
1101 2472 1245 2534 conscius
1275 2473 1322 2535 sui
1349 2472 1483 2557 pcccati,

124 2569 349 2641 esinsidiosus,
382 2566 578 2645 †inimicum
607 2565 796 2630 incolumem
824 2588 893 2631 esse
915 2564 1030 2640 naluit;
1066 2565 1116 2628 cui
1140 2563 1265 2629 tandem
1286 2567 1348 2629 hoc
1371 2568 1486 2630 mirum

161 2658 340 2726 videbitur?
376 2663 453 2726 Nam
483 2682 555 2726 cum
582 2660 665 2726 ieras
694 2659 810 2726 bestias
831 2663 993 2725 videamus
1015 2657 1132 2723 alacres
1155 2666 1187 2723 et
1208 2667 1327 2731 erectas
1349 2658 1483 2736 vadere,

160 2763 196 2819 ut
218 2754 306 2820 alteri
329 2757 447 2820 bestiae
476 2763 627 2833 noceant,
665 2778 730 2820 non
753 2765 800 2820 est
821 2753 1004 2820 incredibile
1034 2755 1206 2838 putandum
1237 2755 1328 2819 istius
1356 2775 1484 2841 quoque

161 2851 301 2913 animum
322 2848 442 2924 lerum,
465 2850 625 2915 crudelem
647 2858 739 2937 atque
761 2852 966 2914 inhumanum
988 2851 1099 2934 cupide
1122 2850 1160 2911 ad
1178 2850 1296 2913 inimici
1311 2850 1484 2934 perniciem

161 2942 355 3030 proiectum
379 2946 564 3029 praesertim
586 2964 657 3008 cum
679 2945 710 3006 in
732 2940 842 3007 bestiis
863 2942 981 3008 nullam
1003 2962 1106 3028 neque
1120 2943 1237 3007 bonam
1252 2964 1355 3029 neque
1370 2942 1484 3006 malam

125 3039 315 3103 serationem
337 3036 518 3114 videamus,
547 3041 580 3102 in
601 3041 661 3103 isto
683 3040 833 3124 plurimas
856 3047 888 3102 et
909 3039 1060 3124 pessimas
1082 3038 1220 3100 rationes
1242 3056 1368 3122 semper
1387 3034 1484 3100 fuisse

161 3131 382 3215 intelligamus.
428 3137 480 3196 30.
506 3135 538 3196 Si
561 3155 636 3216 ergo
660 3133 817 3219 pollicitus
840 3153 908 3196 sum
937 3154 986 3195 me
1011 3129 1156 3195 daturum
1174 3150 1318 3205 causam,
1354 3149 1415 3215 qua
1436 3132 1486 3194 in-

163 3229 272 3291 ductus
295 3226 399 3292 Ulixes
421 3230 589 3292 accesserit
610 3231 649 3292 ad
671 3226 875 3302 maleficium,
911 3236 960 3302 et,
996 3228 1022 3288 si
1043 3227 1277 3289 inimicitiarum
1299 3226 1484 3288 acerrimam

161 3322 314 3384 rationem
338 3328 370 3383 et
386 3321 518 3407 periculi
541 3330 659 3387 metum
681 3324 894 3386 intercessisse
920 3320 1150 3394 demonstravi,
1183 3340 1248 3382 non
1270 3327 1318 3382 θεῖ
1338 3315 1482 3391 dubium,

162 3417 237 3501 quin
266 3413 451 3479 confiteatur
475 3437 600 3481 causam
627 3415 773 3481 maleficii
795 3415 902 3480 fuisse.
947 3419 1030 3499 Ergo
1058 3412 1288 3478 absolutissima
1316 3420 1364 3476 est
1391 3433 1485 3493 argu·

124 3525 151 3566 ³⁵
161 3510 311 3574 mentatio
332 3530 384 3582 ea,
422 3530 502 3595 quae
525 3533 566 3574 ex
596 3513 734 3597 quinque
765 3509 905 3597 partibus
938 3516 1075 3585 constat;
1113 3509 1169 3570 sed
1198 3528 1236 3570 ea
1263 3528 1328 3570 non
1358 3524 1484 3589 semper

160 3623 291 3667 necesse
321 3611 369 3667 θεῖ
396 3606 453 3668 uti.
498 3609 577 3669 Tum
609 3603 713 3688 [enim]
745 3604 964 3690 complexione
991 3598 1258 3687 supersedendum
1285 3608 1348 3672 est,
1380 3601 1406 3662 si
1431 3620 1483 3662 res

160 3694 265 3761 brevis
284 3705 347 3769 est,
377 3706 412 3762 ut
434 3697 523 3762 facile
546 3701 697 3764 memoria
724 3697 1023 3785 comprehendatur;
1058 3703 1125 3759 tum
1152 3696 1317 3757 exornatio
1343 3701 1485 3778 praeter

160 3795 312 3857 mittenda
337 3801 403 3868 est,
441 3795 598 3878 siparum
624 3792 764 3879 locuples
791 3795 829 3856 ad
859 3787 1109 3877 amplificandum
1135 3797 1167 3852 et
1190 3786 1407 3852 exornandum
1431 3809 1483 3851 res

159 3889 384 3951 videturesse.
430 3889 485 3950 Sin
511 3893 542 3951 θῖ
562 3885 665 3952 brevis
683 3889 742 3951 erit
762 3885 989 3971 argumentatio
1011 3893 1043 3948 et
1060 3906 1111 3948 res
1137 3884 1240 3947 tenuis
1263 3891 1316 3946 aut
1342 3880 1480 3955 humilis,

122 3988 225 4046 tolum
247 3990 279 4045 et
298 3983 506 4045 exornatione
530 3990 561 4045 et
584 3980 803 4066 complexione
827 3978 1094 4066 supersedendum
1114 3985 1171 4042 est.
1216 3980 1252 4041 ln
1278 3978 1363 4041 omni
1391 3995 1484 4057 argu-

159 4077 351 4139 mentatione
373 4078 411 4139 de
431 4072 551 4140 duabus
576 4073 715 4159 partibus
733 4077 900 4159 postremis
917 4076 1014 4149 haec,
1039 4093 1131 4159 qnam
1158 4073 1308 4158 exposui,
1330 4072 1409 4135 ratio
1435 4077 1484 4133 est

227 4239 253 4288 Ε.
273 4239 385 4300 probari
403 4238 461 4298 PB,
480 4239 621 4301 propria,
651 4238 737 4287 dicere
750 4238 781 4287 T.
804 4262 832 4272 -
853 4239 879 4288 5.
899 4245 923 4289 et
941 4238 1004 4300 (sic,
1033 4251 1086 4286 non
1102 4242 1131 4285 ut
1149 4235 1192 4287 altt
1212 4238 1238 4284 tn
1259 4234 1352 4284 eadem
1373 4245 1426 4282 var.
1441 4237 1482 4281 ot-

157 4306 234 4372 que:l
252 4309 450 4370 locupletandae
468 4309 492 4358 li
510 4309 589 4358 solas.
628 4307 680 4357 Cir.
703 4308 732 4358 C.
754 4309 797 4358 29.
820 4335 849 4344 —
869 4309 896 4358 9.
918 4311 989 4358 Ulixi
1008 4307 1091 4357 Ccdd.
1107 4309 1206 4356 nostri:
1229 4305 1315 4367 Ulpsri
1334 4303 1364 4350 Ε.
1385 4324 1416 4334 -
1436 4304 1479 4352 10.

159 4380 251 4428 atacem
262 4379 292 4429 P.
309 4403 336 4414 -
358 4381 401 4429 11.
421 4392 477 4428 aon
489 4381 617 4429 iniuriam
629 4379 674 4429 aad
686 4393 814 4429 summum
826 4378 903 4429 AFT.
919 4404 950 4414 -
971 4378 1013 4428 13.
1033 4379 1138 4427 iniuria
1149 4377 1243 4440 quovis
1257 4375 1363 4423 inimico
1375 4369 1479 4423 Para:

158 4451 251 4511 quouis
269 4451 370 4499 iniuria
386 4452 493 4500 inimico
513 4450 550 4510 ll,
578 4452 684 4500 inimico
708 4452 809 4500 iniuria
830 4451 925 4512 quavis
943 4450 979 4507 B,
1009 4449 1112 4498 iniuria
1130 4449 1251 4512 quamvis
1268 4443 1375 4492 initaico
1395 4441 1426 4489 T.
1448 4466 1481 4478 -

158 4519 201 4567 17.
221 4521 367 4582 suscipiunt
393 4521 469 4570 AFT.
489 4546 523 4555 -
553 4521 595 4570 18.
615 4522 715 4572 inducti
740 4521 889 4577 Paeana,
915 4521 952 4570 L:
981 4521 1053 4569 ducti
1076 4519 1107 4567 Ε.
1135 4543 1165 4554 -
1196 4518 1239 4566 20.
1262 4511 1480 4563 contaminarunt

158 4587 287 4638 PATRT:
307 4593 555 4642 contaminaverunt
572 4592 626 4641 ΒΕ.
648 4618 677 4630 -
698 4592 742 4642 24.
762 4594 906 4642 crocitatum
924 4591 945 4639 ll
964 4599 990 4642 ct
1009 4604 1076 4641 corr.
1094 4590 1131 4650 T,
1151 4589 1185 4641 L.
1207 4586 1300 4636 Graev-
1317 4606 1344 4617 -
1366 4580 1409 4630 25.
1429 4585 1480 4631 tna·-

156 4659 262 4719 micum]
282 4659 326 4710 Sic
345 4661 427 4711 codd.
447 4665 518 4721 noll,
548 4668 690 4724 corrupte:
723 4663 762 4712 vel
781 4664 832 4712 del.
853 4668 961 4712 auctora
981 4660 1091 4712 Graecia
1113 4661 1153 4711 rcl
1178 4657 1256 4709 scrib.
1276 4653 1397 4701 iuimicus
1417 4665 1477 4703 cum

159 4729 299 4780 Gulielmlo
319 4738 345 4780 et
363 4731 423 4781 Scb.
446 4757 476 4768 -
504 4733 547 4784 32.
570 4734 655 4783 illices
674 4732 826 4783 PABTRT:
853 4734 953 4797 dipem
972 4732 1002 4781 Ε.
1027 4758 1056 4769 -
1085 4721 1476 4782 3¹1.Codd.nostrlturbant;

159 4801 185 4850 ln
205 4814 237 4852 aa
256 4806 343 4853 umen
361 4806 533 4854 consentiunt
551 4802 677 4866 PARET,
696 4810 726 4855 ut
745 4807 812 4856 anim
832 4807 969 4864 emtttant,
989 4803 1113 4866 quocirca
1133 4795 1300 4852 seclusimus.
