3232 5392
181 161 221 227 as
683 162 737 227 iu
759 112 1025 231 maeaniuu'

177 318 294 405 aliquid
324 329 450 405 agentes
482 317 632 405 imagines
671 340 842 406 ponemus;
889 322 928 395 si,
953 325 1111 409 egregiam
1145 321 1410 410 pulchritudinem
1448 331 1505 389 ant

177 413 300 479 unicam
330 412 554 501 turpitudinem
586 412 631 479 eis
663 414 890 496 attribuemus;
928 417 954 484 si
975 416 1093 504 aliquas
1121 422 1368 494 exornabimus,
1405 427 1441 484 nt
1472 421 1501 483 si

176 507 300 574 coronis
333 516 386 573 ant
414 516 499 574 veste
528 528 706 594 purpurea,
743 531 807 599 quo
834 511 924 577 nobis
948 512 1086 578 notatior
1105 511 1146 579 sit
1166 511 1358 592 similitudo;
1396 519 1452 577 ant
1472 511 1500 577 si

176 622 269 688 quam
289 623 358 668 rem
381 601 643 679 deformabimus,
667 612 701 669 ut
721 605 748 670 si
770 616 928 671 cruentam
950 616 1003 673 ant
1024 626 1124 673 coeno
1146 604 1275 673 oblitam
1297 614 1351 673 ant
1372 605 1500 673 rubrica

152 696 345 762 edelibntam
366 695 567 772 inducemus,
604 718 668 783 quo
696 698 795 783 magis
822 699 967 783 insignita
989 700 1029 765 sit
1048 699 1174 780 forma;
1211 711 1265 767 aut
1294 705 1320 767 si
1350 699 1499 766 ridiculas

176 811 225 856 res
247 791 366 878 aliquas
387 789 575 877 imaginibus
597 790 818 872 attribuemus;
843 815 914 858 nam
937 815 974 859 ea
987 815 1040 860 res
1055 815 1181 883 quoque
1196 792 1305 870 faciet,
1327 804 1362 860 ut
1375 793 1497 860 facilius

174 885 353 952 meminisse
374 891 540 971 possimus.
583 889 685 962 Nam,
720 909 797 973 quas
818 907 869 953 res
892 908 982 953 veras
1003 887 1093 954 facile
1114 888 1329 966 meminimus,
1368 891 1496 956 easdem

173 978 258 1046 fictas
281 989 313 1046 et
334 979 497 1066 diligenter
519 988 639 1046 notatas
661 981 838 1048 meminisse
860 1002 924 1048 non
948 982 1154 1049 diffieile'est.
1209 987 1272 1049 Sed
1292 982 1370 1050 illud
1391 985 1497 1048 facere

174 1071 353 1161 oportebit,
391 1083 426 1141 nt
447 1073 616 1141 identidem
638 1077 757 1162 primos
778 1097 921 1164 quosque
942 1077 1029 1144 locos
1050 1077 1221 1164 imaginum
1243 1081 1495 1144 renovandorum

136 1187 265 1235 accensa
286 1167 431 1235 celeriter
451 1169 555 1234 animo
578 1190 798 1256 pervagemur.

255 1264 389 1327 XXIII.
406 1265 457 1328 38
491 1263 563 1329 Scio
595 1262 766 1350 plerosque
789 1268 944 1374 Graecps,
976 1265 1031 1351 qui
1053 1269 1092 1332 de
1113 1267 1266 1333 memoria
1288 1267 1493 1380 scripserunt,

171 1357 302 1434 fecisse,
339 1365 375 1424 ut
406 1358 574 1423 multorum
602 1358 811 1424 verborum
801 1359 952 1445 imagines
973 1359 1225 1438 conscriberent,
1257 1360 1326 1438 nti,
1364 1366 1443 1465 qui⁸
1440 1382 1494 1427 cas

171 1453 312 1518 ediscere
333 1451 467 1528 vellent,
505 1460 628 1538 paratas
650 1450 821 1529 baberent,
855 1474 895 1518 ne
925 1453 1033 1540 qnid
1023 1475 1055 1518 ιιι
1078 1459 1258 1539 quaerendo
1280 1476 1397 1543 operae
1419 1442 1494 1522 ebn-

170 1557 339 1616 sumerent.
384 1548 527 1625 Quorum
560 1546 714 1612 rationem
736 1546 854 1633 aliquot
875 1550 914 1611 dc
936 1547 1036 1613 causis
1065 1548 1302 1632 improbamus:
1341 1551 1492 1635 primum,

132 1639 500 1732 ¹⁵qnod1nverborum
522 1639 796 1706 innumerabilium
818 1639 1015 1708 multitudine
1043 1642 1210 1710 ridiculum
1238 1644 1278 1711 sit
1305 1645 1391 1710 mille
1422 1666 1494 1710 ver-

169 1743 281 1805 borum
315 1737 467 1820 imagines
500 1755 692 1822 comparare.
746 1736 938 1812 Quantulum
971 1736 1054 1801 anim
1086 1747 1235 1824 poterunt
1266 1742 1344 1804 baec
1376 1739 1492 1814 valere,

168 1854 239 1900 cum
271 1853 310 1896 ex
343 1830 460 1896 infinita
487 1828 656 1895 verborum
685 1835 776 1916 copia
797 1831 892 1897 modo
914 1829 1021 1907 aliud,
1058 1835 1154 1898 modo
1175 1832 1260 1898 aliud
1281 1854 1338 1899 nos
1360 1837 1492 1899 verbum

167 1927 344 1993 meminisse
367 1923 550 2010 oportebit?
571 1923 691 1989 Deinde
712 1944 769 1989 cur
789 1923 934 1991 volumus
955 1923 994 1989 ab
1016 1924 1168 1991 industria
1183 1948 1371 2015 quemquam
1386 1947 1493 1993 remo·

167 2016 263 2098 vere,
299 2028 334 2086 ut
360 2017 498 2105 nequid
525 2018 592 2104 ipse
614 2027 762 2102 quaerat,
796 2038 868 2083 cum
888 2040 946 2084 nos
968 2017 1013 2083 illi
1036 2023 1141 2084 omnin
1163 2030 1268 2106 parata
1291 2021 1492 2109 quaesitaque

129 2129 157 2170 ιι
167 2115 350 2182 tradamus?
372 2115 539 2178 Praeterea
559 2111 760 2178 similitudine
780 2112 840 2177 alia
863 2111 941 2178 alius
962 2113 1062 2196 magis
1084 2115 1311 2185 commovetur.
1353 2117 1434 2178 Nam
1456 2124 1492 2179 ut

166 2199 283 2296 saepe,
318 2210 451 2274 formam
486 2206 512 2271 si
540 2226 632 2292 quam
655 2206 788 2271 similem
816 2207 949 2293 cuipiam
973 2206 1147 2273 dixerimus
1169 2229 1256 2286 esse,
1293 2229 1357 2275 non
1379 2231 1491 2276 ornnes

165 2303 316 2371 habemns
343 2322 548 2376 assensores,
585 2299 669 2386 quod
697 2301 750 2366 alii
777 2300 902 2366 videtur
931 2300 1038 2377 aliud,
1076 2302 1150 2367 item
1179 2301 1213 2367 lit
1233 2305 1266 2366 iu
1287 2303 1489 2388 imaginibus,

164 2408 218 2476 ut,
253 2420 333 2487 quae
365 2395 457 2463 nobis
480 2395 646 2479 diligenter
667 2403 772 2460 notata
804 2395 865 2470 sit,
901 2416 938 2461 ea
961 2416 1073 2481 parum
1094 2396 1239 2461 videatur
1259 2397 1390 2482 insignis
1410 2395 1490 2462 aliis.

165 2498 217 2559 39.
253 2496 357 2572 Quare
390 2493 449 2557 sibi
478 2511 634 2577 quemque
666 2510 724 2556 suo
757 2488 922 2555 commodo
950 2491 1096 2556 convenit
1116 2489 1268 2575 imagines
1290 2510 1487 2576 comparare.

127 2601 154 2642 2⁵
163 2590 327 2654 Postremo
348 2585 563 2673 praeceptoris
585 2593 632 2649 est
653 2587 790 2661 docere,
825 2587 1090 2670 quemadmodum
1119 2585 1232 2671 quaeri
1253 2584 1392 2671 quidque
1414 2606 1490 2649 con-

162 2682 291 2760 veniat,
326 2691 357 2747 et
384 2701 481 2746 unum
509 2676 636 2764 aliquod
657 2687 711 2743 aut
732 2677 882 2755 alterum,
921 2699 986 2744 non
1007 2680 1135 2755 omnia,
1170 2699 1250 2766 quae
1272 2679 1341 2744 eius
1363 2678 1489 2763 generis

163 2786 270 2850 erunt,
293 2775 429 2861 exempli
451 2795 543 2839 causa
564 2770 737 2847 subiicere,
764 2793 828 2859 quo
848 2793 900 2837 res
922 2773 1022 2856 possit
1042 2795 1111 2839 esse
1133 2772 1311 2839 dilucidior.
1354 2776 1393 2838 Ut
1416 2794 1488 2839 cnm

162 2874 201 2936 de
222 2869 394 2957 prooemiis
416 2865 602 2954 quaerendis
624 2868 837 2951 disputamus,
872 2869 1026 2932 rationem
1055 2871 1165 2932 damus
1194 2868 1387 2954 quaerendi,
1423 2888 1488 2933 nou

161 2964 246 3031 mille
268 2968 501 3051 prooemiorum
524 2982 640 3048 genera
663 2958 909 3037 conscribimus,
941 2960 985 3027 ita
1016 2959 1207 3028 arbitramur
1236 2962 1276 3025 de
1296 2961 1487 3048 imaginibus

124 3058 230 3124 ttfieri
251 3057 431 3123 convenire.

246 3155 361 3218 XXIV.
396 3156 502 3228 Nunc,
535 3172 575 3215 ne
606 3149 690 3215 forte
721 3147 893 3214 verborum
923 3151 1108 3215 memoriam
1136 3160 1191 3215 aut
1211 3153 1305 3220 nimis
1327 3150 1487 3218 difficilem

160 3256 214 3314 ant
235 3268 346 3334 parum
367 3245 475 3312 utilem
497 3245 672 3320 arbitrere,
703 3240 755 3329 [et]
779 3245 918 3329 ipsarum
941 3243 1091 3309 memoria
1114 3265 1220 3311 rerum
1243 3257 1406 3314 contentus
1427 3249 1483 3324 sis,

161 3347 246 3430 quod
269 3352 300 3408 et
320 3341 463 3407 utiliores
485 3343 546 3405 sint
568 3349 599 3406 et
622 3342 690 3426 plus
712 3339 846 3403 babeant
866 3338 1045 3415 facilitatis,
1068 3338 1284 3409 admonendus
1307 3366 1363 3420 es,
1388 3364 1485 3429 quare

158 3436 329 3505 verborum
362 3438 548 3501 memoriam
579 3456 642 3500 uon
669 3435 896 3518 improbemus.
955 3436 1033 3497 Nam
1061 3445 1206 3519 putamus
1235 3448 1384 3524 oportere
1414 3459 1482 3513 eos,

123 3533 214 3619 aequi
236 3531 333 3597 velint
354 3551 405 3595 res
427 3531 584 3595 faciliores
598 3531 665 3594 sine
679 3526 788 3592 labore
803 3536 835 3591 et
849 3528 991 3592 molestia
1007 3528 1097 3593 facile
1113 3531 1311 3609 meminisse,
1334 3533 1368 3598 in
1388 3531 1484 3598 rebus

158 3623 389 3693 difficilioribus
411 3646 480 3691 esse
501 3634 572 3689 ante
594 3625 795 3688 exercitatos.
841 3624 906 3685 Nec
927 3643 985 3686 nos
1008 3625 1086 3688 banc
1107 3628 1277 3691 verborum
1297 3627 1483 3692 memoriam

158 3720 360 3794 inducimus,
383 3728 418 3783 ut
437 3740 547 3784 versus
569 3717 747 3782 meminisse
768 3714 944 3801 possimus,
974 3720 1029 3781 sed
1052 3726 1086 3782 ut
1106 3720 1164 3781 bae
1186 3721 1409 3786 exercitatione
1431 3719 1483 3786 illa

157 3836 265 3881 rernm
287 3813 456 3888 memoria,
492 3833 572 3899 qnae
594 3812 729 3899 pertinet
749 3813 788 3873 ad
809 3809 994 3886 utilitatem,
1032 3809 1253 3891 confirmetur3
1288 3822 1323 3879 ut
1349 3816 1390 3877 ab
1422 3813 1481 3878 hac

158 3909 278 3975 difficili
300 3905 525 3974 consuetudine
559 3907 626 3972 sine
656 3904 765 3970 labore
788 3903 827 3969 ad
848 3903 932 3968 illam
954 3903 1132 3970 facilitatem
1155 3909 1289 3972 trausIre
1310 3910 1478 3993 possimus.

157 4009 210 4070 lb.
235 4008 298 4070 Sed
320 4024 391 4069 cum
413 4005 445 4066 in
467 4002 554 4068 omni
575 4000 737 4086 disciplina
759 3998 882 4063 infirma
903 4007 950 4062 est
971 4000 1046 4062 artis
1068 4002 1247 4086 praeceptio
1269 4003 1337 4066 sine
1360 4023 1481 4067 summa

157 4099 335 4165 assiduitate
350 4096 605 4171 exercitationis,
630 4106 694 4160 tum
710 4093 835 4158 veroin
848 4109 1056 4178 μνημονικοῖς
1080 4093 1242 4160 minimum
1263 4096 1347 4161 valet
1365 4094 1481 4161 doetri-

157 4216 218 4270 na,
242 4196 301 4259 nisi
324 4191 498 4268 industria,
522 4190 644 4266 stadie,
668 4188 799 4266 labore,
824 4188 983 4274 diligentia
1005 4188 1241 4274 comprobetur.
1288 4193 1389 4268 Quam
1410 4193 1480 4276 plu·

157 4317 365 4328 ————-—

225 4395 252 4443 2.
273 4395 377 4459 aliquas
400 4393 513 4443 I‘IFIIT
541 4404 599 4441 curn
622 4392 695 4441 allis:
726 4390 844 4452 ols'qnnm
862 4402 917 4436 rem
934 4389 970 4446 B,
999 4390 1092 4453 nilque
1110 4403 1139 4439 rc
1158 4391 1187 4440 Ε.
1218 4415 1248 4427 -
1278 4391 1305 4440 l.
1325 4404 1405 4454 quum
1423 4405 1479 4442 rem

156 4464 306 4523 PABFRT,
327 4466 386 4514 alli:
407 4478 461 4529 qno
479 4477 508 4511 re
528 4464 558 4512 E.
581 4489 608 4498 -
635 4463 661 4511 8.
683 4461 842 4525 dispelleret
862 4460 1012 4509 l‘XIIFltT:
1031 4468 1068 4510 est
1087 4460 1194 4525 difficile
1211 4461 1240 4510 It.
1263 4484 1290 4496 -
1321 4462 1363 4510 ¹0.
1382 4475 1477 4520 perun·

157 4537 413 4598 gemnrAFetcorr.
432 4536 469 4583 T:
486 4545 659 4596 pervagemus
673 4532 714 4580 PII
734 4539 760 4581 et
779 4545 818 4592 pr.
833 4529 869 4589 T,
889 4543 1079 4590 percurramus
1093 4532 1189 4581 itm·
1213 4530 1253 4580 fd·
1275 4530 1322 4580 buc
1341 4530 1360 4578 B
1379 4529 1478 4582 Linde·

156 4607 246 4655 manat
266 4612 292 4655 et
308 4607 436 4657 Lambtno
456 4612 562 4656 auctore
583 4605 642 4654 Scb.
664 4601 799 4665 (Refertur
815 4602 847 4652 ad
866 4601 968 4662 umbo.)
990 4624 1016 4634 -
1042 4600 1474 4653 enumerationibus

155 4679 195 4726 tte
213 4676 234 4725 Il
253 4685 279 4727 et
297 4689 336 4738 pr.
355 4677 387 4726 lt.
408 4702 436 4713 -
458 4676 502 4725 23.
521 4682 616 4725 notate
634 4677 667 4723 stt
687 4674 726 4723 T:
746 4679 810 4722 note
827 4674 862 4720 stt
881 4671 983 4730 Plau,
1001 4678 1063 4722 nota
1080 4675 1133 4723 sint
1147 4674 1183 4733 n,
1201 4676 1309 4721 notatas
1325 4671 1378 4719 sint
1393 4669 1421 4716 II.
1443 4695 1474 4709 -

157 4761 187 4797 eo
203 4759 301 4808 porum
318 4747 440 4796 videntur
456 4749 566 4811 insignis
584 4744 713 4794 PXI'IIT:
733 4755 778 4794 eoa
792 4754 892 4808 parum
909 4744 1049 4795 otdcnotur
1066 4744 1182 4807 insignes
1195 4740 1247 4793 na.
1264 4761 1296 4777 ·-
1313 4739 1358 4791 ³2.
1378 4742 1402 4784 et
1419 4752 1474 4793 om.

135 4816 261 4880 RUIT,
280 4819 446 4881 ipsarumque
465 4818 496 4867 T.
532 4816 586 4868 Nos
604 4815 768 4868 seclusimus.
1158 4842 1162 4853 .
