3232 5392
609 186 685 252 ua.
708 185 749 253 11.
794 187 829 254 a.
856 186 978 252 1113.
1153 269 1158 275 ¹
1389 190 1449 257 aas

136 350 206 417 eius
235 345 360 435 pencris
389 344 479 412 facila
513 343 647 423 videbit,
680 347 735 433 qui
766 345 852 412 volet
882 344 1026 426 laudare;
1059 347 1113 432 qni
1145 347 1342 433 vituperare,
1377 368 1451 414 eon-

130 442 238 512 traria.
282 444 334 509 i't.
356 442 421 507 Car
440 440 538 525 igitur
558 437 696 514 dubitas,
719 441 819 527 inquit
841 440 980 518 Catulus,
1001 439 1106 506 facere
1127 439 1187 507 hoc
1201 442 1329 506 tertium
1343 460 1451 526 genus,

132 540 280 627 moniam
302 535 403 603 estin
424 533 546 600 ratione
567 538 693 600 rerumf
715 539 785 601 Non
806 534 905 610 enim,
928 534 955 600 si
977 543 1026 601 est
1046 534 1184 611 facilius,
1208 554 1247 600 eo
1262 537 1302 600 ds
1317 556 1451 603 numero

131 651 259 720 qnoque
280 640 328 697 cst
347 625 588 715 excerpenduan.
633 627 713 707 Quia
733 631 826 704 nolo,
858 631 974 715 inquit,
1005 629 1127 707 omnia,
1157 648 1239 716 quac
1259 627 1375 695 cadunt
1396 629 1452 696 ali·

130 728 256 814 quando
278 726 311 790 in
332 731 506 798 oratorem,
539 722 682 807 quamvis
702 723 816 809 exigua
837 723 914 798 sint,
949 742 986 788 ea
1007 725 1052 788 sic
1073 732 1222 800 tractare,
1254 722 1342 812 qussi
1372 725 1474 792 nihils

128 820 231 906 possit
250 819 312 887 dici
333 820 400 884 siue
421 818 597 904 praeceptis
613 818 688 883 suis.
729 820 783 883 43.
806 822 885 883 Nam
900 825 932 882 et
945 817 1158 886 testimonium
1174 838 1269 906 saepe
1283 816 1452 886 dicendum

129 923 178 980 eat
205 934 243 980 ac
274 928 497 1000 nonnunquam
529 913 622 978 etiam
654 913 844 989 accuratius,
883 921 919 978 ut
950 914 1025 976 mihi
1056 933 1184 979 necesse
1215 912 1275 979 fuit
1305 913 1339 978 in
1372 917 1449 981 Sex.

128 1009 265 1085 Titium,
298 1006 479 1074 seditiosum
510 1006 610 1073 civem
642 1014 674 1073 et
700 1004 929 1084 turbulentum
965 1006 1119 1090 explicavi
1145 1009 1180 1072 in
1209 1028 1248 1074 eo
1271 1007 1451 1074 testimonio

131 1100 265 1169 dicendo
286 1101 391 1169 omnia
412 1100 541 1169 consilia
562 1100 741 1167 consulatus
762 1099 844 1177 mei,
867 1100 981 1188 quihus
1002 1100 1049 1166 illi
1070 1099 1195 1167 tribuno
1217 1101 1320 1186 plebis
1341 1122 1400 1188 pro
1415 1122 1451 1167 re

131 1199 257 1285 puhlica
278 1196 479 1273 restitissem,
503 1216 646 1283 quaeque
667 1194 707 1261 ab
729 1216 767 1260 eo
789 1204 899 1261 contra
919 1215 987 1261 rem
1002 1195 1157 1281 publicam
1171 1196 1252 1263 facta
1266 1194 1449 1273 arbitrarer,
1460 1215 1488 1258 aa

130 1291 280 1377 exposui3
314 1288 367 1357 diu
389 1299 527 1357 retentus
548 1312 638 1368 sum,
668 1290 763 1358 multa
788 1288 908 1365 andivi,
933 1289 1029 1355 multa
1051 1288 1210 1376 respondi.
1255 1295 1335 1358 Num
1350 1290 1453 1380 igitur

128 1383 246 1472 placet,
270 1406 341 1449 curn
363 1384 403 1450 de
424 1385 601 1472 eloquentia
623 1385 813 1474 praecipias,
837 1385 955 1472 aliquid
977 1382 1070 1449 etism
1093 1387 1131 1449 de
1147 1385 1331 1452 testimoniis
1346 1385 1453 1452 dicen·

130 1481 178 1547 dis
200 1478 289 1567 quasi
311 1479 344 1545 in
365 1487 432 1545 arte
454 1483 601 1545 traderet
636 1484 708 1547 XII.
732 1482 785 1545 to.
811 1482 896 1546 Nihil
917 1499 1008 1553 sane,
1030 1479 1134 1564 inquit
1155 1479 1300 1556 Catulus,
1324 1500 1451 1547 neccsse

129 1581 188 1640 est.
234 1573 334 1651 Quid,
357 1573 384 1639 si
408 1574 502 1660 (quod
523 1595 616 1660 saepe
638 1576 768 1641 summis
789 1574 866 1641 viria
887 1573 1009 1645 accidit)
1031 1577 1176 1639 mandata
1190 1574 1252 1640 sint
1265 1573 1451 1661 exponenda

128 1675 183 1734 ant
211 1667 244 1733 in
274 1676 382 1733 senatu
410 1667 450 1732 ah
479 1670 667 1755 imperatore
695 1673 807 1736 autad
828 1672 1051 1754 imperatorem
1073 1671 1187 1734 autad
1209 1687 1316 1753 regem
1338 1678 1391 1735 aut
1411 1668 1449 1736 ad
1459 1685 1486 1728 1⁵

128 1761 280 1850 populum
310 1762 445 1850 aliquem
472 1771 639 1840 asenatu,
676 1784 752 1829 num
784 1763 856 1850 quia
886 1781 1001 1847 genere
1030 1761 1181 1850 orationis
1209 1761 1242 1828 in
1271 1761 1450 1831 huiusmodi

129 1855 232 1922 musis
253 1857 447 1923 accuratiore
469 1866 517 1923 est
537 1856 707 1933 utendum,
741 1855 861 1922 idcirco
889 1855 983 1921 etiam
1009 1876 1082 1944 pars
1109 1854 1186 1921 haec
1208 1877 1370 1924 causarum
1393 1881 1451 1924 nu-

128 1952 279 2017 meranda
299 1950 424 2018 videtur
444 1959 498 2017 aut
517 1951 655 2039 propriis
674 1952 850 2037 praeceptis
864 1948 1069 2015 instruendas
1090 1950 1220 2016 Minime
1234 1971 1326 2027 vero,
1349 1952 1451 2039 inquit

128 2045 271 2124 Catulum
292 2045 367 2110 'non
395 2047 478 2111 enim
508 2044 608 2111 deerit
631 2044 752 2111 homini
773 2045 890 2111 diserto
913 2046 945 2110 in
966 2042 1121 2110 eiusmodi
1145 2048 1240 2111 rebus
1259 2045 1388 2112 facultas
1410 2068 1450 2112 ex

129 2143 245 2208 ceteris
266 2138 362 2206 rebus
383 2147 414 2205 et
434 2138 537 2204 causis
558 2147 748 2226 comparata.
793 2142 844 2204 30.
876 2142 962 2223 Ergo
990 2140 1080 2214 item,
1110 2141 1228 2227 inquit,
1263 2139 1332 2215 illa,
1368 2162 1488 2228 quasso

129 2256 224 2322 aaspa
245 2235 360 2301 diserte
381 2238 502 2319 agenda
523 2241 647 2300 suntet
671 2253 754 2320 qnae
783 2252 843 2318 ego
871 2233 978 2318 paullo
1009 2241 1100 2310 ante,
1137 2254 1208 2300 cnm
1239 2233 1450 2321 eloquentiam

128 2328 308 2404 laudarem,
340 2328 405 2395 dixi
427 2327 561 2394 oratoris
583 2347 667 2404 esse,
698 2348 801 2412 neque
820 2329 937 2392 hahent
957 2348 1049 2393 snum
1071 2327 1175 2393 locum
1197 2326 1293 2394 ullum
1315 2331 1348 2394 in
1370 2328 1450 2395 divi·

129 2424 218 2492 sione
249 2426 386 2511 partium
413 2442 518 2508 nequa
550 2429 669 2488 certum
698 2428 938 2507 praeceptorum
966 2441 1064 2506 genias
1085 2432 1117 2489 et
1137 2425 1258 2505 agenda
1287 2430 1359 2488 sunt
1386 2444 1450 2490 nou

129 2520 232 2585 miuus
255 2520 389 2592 diserte,
410 2536 502 2603 quam
525 2514 660 2602 quaein
681 2512 915 2590 litcdicnsttur,
937 2516 1133 2599 obiurgatio,
1157 2518 1351 2594 cohortatio,
1376 2537 1450 2584 con-

128 2612 260 2689 solstio;
295 2631 430 2697 quorum
452 2609 528 2676 nihil
549 2619 611 2687 est,
641 2611 727 2696 qnod
749 2628 954 2675 consumma
976 2609 1099 2676 dicendi
1121 2617 1306 2676 ornamenta
1327 2610 1485 2677 deside-rs

127 2714 194 2784 ret;
232 2707 287 2770 sed
315 2724 355 2770 cx
382 2702 515 2770 artificio
540 2724 593 2770 rcs
617 2705 696 2770 istac
718 2712 882 2789 praecepta
902 2723 968 2769 non
989 2711 1154 2789 quaerunt
1196 2706 1306 2779 Plane,
1341 2706 1443 2792 inquit

129 2801 275 2876 Catulus,
298 2797 462 2864 assentior.

211 2896 264 2959 51.
287 2897 353 2978 Age
375 2912 471 2969 vero,
494 2893 594 2979 inquit
615 2890 785 2966 Antonius,
807 2890 908 2977 qualis
930 2891 1064 2958 oratoris
1086 2899 1117 2957 ct
1138 2893 1246 2978 quanti
1263 2891 1401 2958 hominis
1415 2891 1447 2958 in

128 2985 261 3053 dicendo
282 2995 373 3073 putas
394 3007 463 3051 esse
478 2984 640 3051 historiam
653 2983 816 3050 scrihere?
838 2986 889 3063 Si,
912 2995 948 3053 ut
963 2989 1072 3052 Graeci
1086 2987 1299 3069 scripserunt,
1323 2987 1446 3063 summi,

129 3082 230 3166 inquit
251 3082 393 3158 Catulus3
414 3079 457 3155 si,
478 3088 515 3146 ut
535 3078 649 3156 nostri,
681 3077 760 3144 nihil
782 3098 863 3164 opus
884 3090 932 3148 est
952 3089 1096 3159 oratore;
1129 3080 1204 3146 satis
1226 3088 1356 3146 estnon
1378 3101 1483 3147 essese

131 3177 323 3240 mendacem.
367 3173 479 3259 Atqui,
502 3194 542 3239 ne
562 3181 688 3238 nostros
709 3181 911 3252 contemnas,
935 3174 1217 3262 iuquitdntonius,
1241 3176 1352 3242 Graeci
1367 3195 1446 3261 quo-

129 3290 191 3358 que
212 3269 272 3356 ipsi
292 3269 336 3334 sie
366 3267 455 3334 initio
483 3267 711 3354 scriptitarunt,
748 3277 784 3335 nt
811 3279 921 3336 noster
953 3269 1042 3343 Cato,
1078 3276 1113 3334 ut
1139 3269 1259 3344 Pictor,
1296 3276 1332 3334 ut
1359 3267 1444 3334 Piso.

128 3369 180 3430 33.
214 3366 290 3428 Erat
319 3365 402 3428 enim
431 3361 561 3438 historia
587 3361 662 3428 nihil
691 3362 778 3428 aliud
804 3363 865 3429 nisi
894 3362 1051 3429 annalium
1081 3363 1254 3442 confectio;
1289 3362 1378 3430 cuius
1399 3363 1447 3431 rei

128 3456 361 3543 memoriaeque
379 3455 524 3540 publicae
543 3454 723 3522 retinendae
743 3477 836 3523 cansa
852 3456 892 3523 ab
905 3456 995 3523 initio
1005 3479 1112 3524 rerum
1122 3462 1332 3524 Romanarum
1347 3479 1447 3545 usqne

127 3558 167 3618 ad
188 3554 222 3616 P.
237 3553 392 3627 Mucium,
428 3548 606 3634 pontificem
636 3550 825 3628 maximum,
860 3572 911 3617 res
939 3571 1048 3619 omnes
1075 3552 1271 3638 singulorum
1291 3573 1483 3619 annornmss

127 3642 291 3711 mandabat
313 3644 425 3711 litteris
446 3643 588 3727 pontifex
609 3644 762 3711 maximus
783 3645 1004 3731 referebatque
1024 3647 1057 3712 in
1079 3647 1185 3713 album
1201 3658 1234 3713 et
1248 3651 1447 3735 proponebat

127 3740 266 3804 tabulam
288 3735 392 3810 domi,
415 3745 553 3820 potestas
574 3748 609 3804 nt
630 3747 712 3805 esset
732 3740 850 3827 populo
871 3740 1098 3825 cognoscendi3
1130 3741 1169 3819 ii,
1192 3741 1247 3828 qui
1271 3741 1446 3808 etiamnunc

127 3834 253 3898 annales
285 3829 414 3897 maximi
443 3835 651 3898 nominantur.
694 3837 745 3900 53.
780 3837 868 3900 Hanc
897 3832 1132 3901 similitudinem
1165 3839 1323 3903 scribendi
1355 3836 1445 3903 multi

128 3926 228 3992 secuti
248 3936 337 4004 sunt,
360 3925 414 4010 qui
437 3926 505 3991 sine
526 3926 597 3993 ullis
619 3927 809 3993 ornamentis
828 3937 1029 3994 monumenta
1050 3928 1152 3995 solum
1174 3940 1367 4016 temporum,
1388 3928 1446 3995 ho-

128 4022 260 4096 minum,
292 4022 436 4086 locorum
458 4029 676 4106 gestarumque
697 4043 804 4087 rerum
824 4021 1029 4109 reliquerunt.
1074 4027 1201 4110 Itaque,
1221 4024 1336 4111 qualis
1362 4022 1482 4111 apudso

130 4118 265 4182 Graecos
297 4114 507 4205 Pherecydes,
541 4115 737 4192 Hellanicus,
769 4116 910 4182 Acusilas
941 4117 1001 4182 fuit
1028 4118 1145 4207 aliique
1173 4119 1336 4206 permulti,
1375 4117 1445 4184 talis

197 4290 222 4338 1.
242 4287 355 4338 laudare
373 4288 436 4338 AB:
456 4288 567 4340 laudare
584 4289 732 4352 quospiam
750 4288 804 4339 1111.
823 4313 856 4326 -·
885 4292 933 4354 qui
949 4291 1034 4342 Codd.
1053 4291 1107 4342 ah:
1134 4291 1218 4351 etti,
1237 4291 1326 4356 etqui
1344 4290 1373 4340 11.
1394 4290 1444 4348 (Dc

126 4358 172 4410 ΑΒ
192 4370 245 4409 non
265 4357 370 4421 liquat.)
389 4382 417 4396 -
436 4357 463 4408 3.
483 4366 520 4408 ast
538 4356 587 4410 Gu.
607 4360 633 4410 3.
653 4359 716 4423 Lag.
736 4363 846 4422 opttmt:
865 4361 933 4412 inest
950 4360 1051 4413 Anus.
1071 4387 1104 4400 ·-
1121 4362 1149 4412 7.
1168 4362 1231 4412 satu
1249 4363 1328 4412 etiam
1344 4374 1445 4412 necessa

127 4428 161 4480 Α.
182 4454 213 4467 -
242 4427 269 4478 8.
289 4432 319 4478 in
336 4441 365 4478 eo
384 4430 558 4480 testimonium
575 4431 704 4493 sapitecoi
721 4430 755 4480 lt.
784 4427 971 4491 (testimonium
997 4437 1075 4484 ctiam
1093 4429 1163 4496 ΑΒ.)
1189 4457 1219 4469 -
1244 4431 1271 4482 a.
1289 4431 1337 4482 illc
1354 4432 1387 4482 lt.
1411 4457 1440 4470 -

127 4500 172 4550 tt.
191 4501 257 4549 etsta
276 4512 328 4549 om.
348 4499 387 4558 Α,
406 4512 436 4551 ca
455 4511 508 4562 quo
528 4499 571 4548 htc
588 4500 641 4551 duo
659 4499 720 4551 faits
739 4500 839 4553 abscisa
858 4508 920 4553 sunt
942 4516 1030 4565 usquc
1057 4503 1089 4553 sd
1109 4500 1137 4566 5.
1157 4503 1202 4554 ct.
1229 4525 1260 4540 -
1291 4502 1333 4552 17.
1362 4504 1443 4552 attam

123 4583 193 4634 pars
211 4570 258 4621 1t1t
275 4576 302 4622 ct
319 4569 428 4619 Lamo:
447 4583 514 4633 pars
532 4569 612 4620 stiam
629 4570 683 4621 ET.
707 4593 733 4604 —
755 4573 797 4622 13.
813 4571 969 4623 tmtruassdc
986 4575 1132 4636 praeceptta
1150 4573 1183 4623 lt.
1202 4598 1236 4608 -
1264 4572 1308 4624 13.
1326 4571 1443 4635 {scultro

128 4641 259 4692 --sstus
278 4641 480 4692 ercldcrunter
499 4640 530 4689 3.
551 4664 581 4675 -
601 4641 645 4690 31.
666 4641 815 4693 disertuli.
836 4666 866 4678 -
896 4644 941 4692 35.
961 4652 998 4695 sst
1016 4657 1069 4693 om.
1089 4643 1121 4692 Β.
1142 4667 1172 4679 -
1202 4643 1246 4694 33.
1265 4642 1294 4694 Si
1311 4640 1350 4708 st]
1369 4644 1443 4695 Sicut

127 4710 168 4770 B,
188 4711 269 4762 Sicuti
287 4711 320 4761 R.
342 4734 372 4747 -
390 4709 433 4760 30.
452 4711 521 4760 sicut
538 4709 571 4758 R.
602 4736 632 4748 -
663 4712 707 4763 31.
726 4726 896 4778 quoqascm.
915 4714 948 4764 lt.
970 4740 999 4752 -
1030 4713 1073 4762 33.
1093 4714 1198 4775 ipsisic
1216 4712 1301 4765 codd.
1321 4713 1376 4772 al..
1395 4715 1440 4765 lia

127 4783 165 4831 ste
183 4781 228 4844 (B)
243 4782 273 4833 11.
295 4807 322 4819 -
357 4779 401 4830 33.
419 4779 599 4845 asserebatque
615 4781 779 4833 hamnrnasz
807 4782 977 4850 sfferahstqae
994 4796 1054 4834 curn
1073 4783 1144 4835 lthrts
1163 4782 1255 4849 (ettam
1273 4783 1308 4849 B)
1325 4785 1382 4836 lta.
1410 4808 1441 4822 -

128 4849 173 4904 37.
192 4853 268 4917 htqas
284 4864 355 4903 cunc
372 4851 434 4916 (om.
456 4849 545 4916 amm)
564 4851 598 4904 lt.
619 4877 648 4890 -
667 4851 712 4905 to.
732 4858 865 4918 potamos
880 4855 1044 4920 rsttqosroat
1061 4854 1091 4907 11.
