3216 5400
168 214 208 280 lb
672 216 726 281 ΑΙ)
749 217 983 283 HERENNIUM

165 381 272 460 posset
293 371 487 439 inventiones
509 371 548 438 ad
568 394 662 438 unam
684 395 839 462 quamque
861 375 1114 441 constitutionem
1137 383 1189 442 aut
1203 383 1322 463 partem
1339 376 1490 444 constitu·

166 467 259 533 tionis
275 467 521 534 accommodare.
566 472 606 532 Et
627 468 702 534 item
724 492 800 556 quas
822 475 1120 554 argumentationes,
1143 494 1219 557 quas
1237 473 1348 538 Graeci
1369 475 1490 551 ἕπιχει·

166 564 296 648 ρήματα
319 561 489 648 appellant,
512 562 619 648 sequi,
642 583 719 647 quas
741 569 839 630 vitare
861 574 1038 652 oporteret;
1074 587 1209 652 quorum
1230 574 1397 652 utrumque
1420 588 1491 652 per

165 658 241 724 tinet
261 656 300 722 ad
322 655 590 721 confirmationem
611 668 642 720 ct
664 657 918 725 confutationem.
961 660 1081 727 Deinde
1104 661 1144 727 ad
1163 671 1339 728 extremum
1361 661 1490 728 docebi-

142 767 249 826 smus,
284 749 459 817 cuiusmodi
489 749 742 817 conclusionibus
771 754 948 821 orationum
976 755 1022 822 uti
1044 765 1204 842 oporteat3
1239 760 1292 843 qui
1314 756 1402 823 locus
1423 764 1490 822 erat

164 856 323 912 extremus
345 845 384 911 dc
406 866 462 940 sex
484 844 628 932 partibus
653 849 813 911 orationis.

246 941 382 1006 Primum
404 961 481 1025 ergo
504 961 706 1027 quaeremus,
739 941 1004 1025 quemadmodum
1031 964 1188 1030 quamque
1217 964 1341 1009 causam
1363 948 1487 1010 tractari

163 1036 335 1103 conveniat.
377 1039 417 1099 Et
449 1035 595 1100 nimirum
628 1035 885 1112 coniecturalem,
915 1058 994 1123 quae
1016 1039 1116 1123 prima
1138 1059 1281 1125 quaeque
1305 1037 1489 1103 difficillima

163 1139 224 1205 est,
247 1130 443 1217 potissimum
466 1125 710 1196 consideremus.
754 1134 784 1195 3.
806 1135 840 1196 ln
864 1151 957 1197 causa
978 1131 1178 1197 coniecturali
1201 1138 1338 1198 narratio
1362 1154 1489 1198 accusa·

126 1226 238 1291 ¹⁰toris
267 1225 462 1311 suspiciones
491 1224 666 1290 interiectas
695 1233 726 1290 ct
748 1223 902 1310 dispersas
931 1223 1046 1290 babere
1069 1225 1178 1300 debet,
1212 1239 1248 1292 ut
1268 1227 1343 1292 nibil
1365 1237 1486 1302 actum,

161 1320 237 1385 nibil
260 1319 392 1394 dictum,
426 1340 577 1404 nusquam
600 1328 726 1383 uentum
756 1328 808 1383 aut
837 1317 971 1394 abitum,
1006 1319 1081 1385 nibil
1111 1320 1246 1407 denique
1274 1321 1389 1387 sactum
1419 1323 1487 1387 sine

162 1436 254 1481 causa
278 1411 413 1501 putetur.
455 1413 635 1479 Defensoris
658 1413 793 1478 narratio
816 1413 989 1499 simplicem
1011 1425 1042 1481 et
1063 1415 1232 1480 dilucidam
1256 1417 1486 1502 expositionem

161 1509 257 1577 debet
286 1508 414 1583 babere,
452 1530 522 1572 cum
552 1507 763 1573 attenuatione
790 1508 985 1593 suspicionis.
1032 1510 1132 1575 Huius
1155 1511 1385 1576 constitutionis
1407 1512 1486 1576 ratio

160 1603 192 1670 in
217 1625 274 1669 sex
295 1617 397 1690 partes
420 1611 466 1667 cst
487 1601 667 1667 distributa:
703 1600 882 1687 probabile,
915 1603 1128 1681 collationem,
1158 1605 1297 1691 signum,
1320 1627 1488 1692 argumen-

122 1711 150 1751 1⁵
161 1708 242 1772 tum,
266 1697 534 1771 consecutionem,
560 1694 827 1782 approbationem.
870 1701 992 1764 Horum
1014 1721 1110 1765 unum
1126 1701 1265 1788 quidque
1280 1701 1354 1788 quid
1370 1702 1485 1779 valcat,

160 1797 345 1879 aperiemus.
389 1788 554 1856 Probabile
578 1799 640 1863 est,
673 1810 729 1876 per
758 1789 844 1876 quod
874 1791 1025 1878 probatur
1055 1795 1220 1880 expedisse
1252 1793 1329 1880 [reo]
1354 1818 1486 1883 peccare

160 1898 191 1953 et
221 1886 260 1952 ab
290 1884 385 1952 simili
416 1883 608 1970 turpitudine
636 1883 795 1950 homiuem
826 1907 985 1973 nunquam
1016 1888 1165 1955 abluisse.
1211 1890 1246 1955 ld
1276 1889 1424 1958 dividitur
1451 1894 1485 1959 in

99 1973 101 1978 ’
160 2002 285 2047 cansam
307 1990 338 2046 et
359 1980 390 2046 in
412 1980 516 2047 vitam.
561 1982 658 2046 Causa
680 1987 727 2043 cst
747 1999 802 2053 ea,
833 2000 912 2065 qnae
934 1980 1057 2048 induxit
1078 1981 1118 2048 ad
1135 1981 1323 2049 maleficium
1346 2007 1485 2051 commo·

160 2076 272 2143 dorum
295 2097 350 2160 spe
372 2084 425 2141 aut
444 2074 716 2140 incommodorum
738 2071 902 2150 vitatione,
936 2085 971 2141 nt
993 2097 1064 2142 cum
1090 2078 1266 2162 quaeritur,
1301 2100 1375 2144 num
1399 2080 1486 2167 quod

122 2171 360 2239 2⁰commodum
389 2167 544 2235 maleficio
577 2166 756 2254 appetierit,
793 2188 867 2233 num
895 2172 1063 2244 bonorem,
1100 2193 1175 2237 num
1195 2171 1375 2257 pecuniam,
1409 2195 1485 2241 num

158 2363 296 2426 voluerit
317 2361 465 2446 explere;
500 2364 554 2422 aut
582 2379 656 2420 num
680 2360 764 2443 quod
795 2360 1029 2424 incommodum
1051 2361 1174 2436 vitarit,
1207 2363 1401 2438 inimicitias,
1436 2364 1485 2425 in-

158 2455 307 2531 famiam,
332 2455 494 2528 dolorem,
524 2453 723 2537 supplicium.
769 2456 824 2517 111.
857 2457 889 2518 4.
926 2455 985 2517 Ηὶο
1008 2457 1226 2520 accusatoria
1248 2476 1303 2542 spe
1325 2459 1484 2522 commodi
1529 2520 1533 2529 ,

160 2553 361 2636 cupiditatem
395 2549 540 2614 ostendet
574 2549 762 2624 adversarii,
805 2550 839 2612 in
872 2550 1021 2614 vitatione
1055 2551 1247 2616 incommodi
1281 2550 1484 2616 formidinem

121 2673 149 2715 ες
159 2642 303 2728 augebit:
340 2643 489 2708 defensor
518 2649 623 2706 autem
650 2640 779 2726 negabit
805 2643 902 2708 fuisse
930 2665 1078 2721 causam,
1117 2647 1143 2709 si
1160 2648 1300 2728 poterit,
1336 2654 1483 2710 autenm

158 2739 363 2804 vehementer
395 2739 598 2814 extenuabit;
645 2739 759 2801 deinde
789 2739 930 2824 iniquum
960 2760 1028 2803 esse
1057 2741 1142 2804 dicet
1174 2759 1300 2814 omnes,
1335 2741 1374 2802 ad
1403 2761 1483 2824 quos

158 2834 276 2919 aliquid
301 2835 504 2898 emolumenti
533 2853 574 2897 ex
601 2835 706 2919 aliqua
735 2853 769 2895 re
791 2833 991 2916 pervenerit,
1028 2833 1061 2894 in
1093 2833 1304 2916 suspicionem
1335 2835 1482 2897 maleficii

159 2928 324 3006 devocari;
348 2930 461 2992 deinde
483 2929 547 2991 vita
569 2928 706 2991 bominis
729 2946 769 2989 ex
790 2933 862 2989 ante
883 2926 974 2989 iactis
996 2926 1199 3010 spectabitur.
1258 2928 1290 2988 5.
1327 2921 1373 3006 [ln
1401 2923 1477 3010 quo]

157 3023 293 3106 primum
321 3021 533 3087 considerabit
564 3028 745 3094 accusator,
784 3040 860 3083 num
888 3020 1015 3105 qnando
1042 3020 1144 3082 simile
1175 3019 1251 3103 quid
1280 3019 1400 3082 iecerit.
1447 3020 1481 3081 Si

120 3143 148 3184 so
157 3117 190 3178 id
211 3135 276 3181 non
299 3117 451 3202 reperiet,
477 3123 626 3201 quaeret,
651 3134 727 3178 num
749 3115 875 3198 quando
897 3113 1020 3176 venerit
1041 3113 1074 3174 in
1096 3112 1230 3176 similem
1246 3113 1479 3198 suspicionem

157 3216 189 3274 et
219 3212 252 3273 in
283 3229 322 3275 eo
352 3207 481 3273 debebit
511 3229 579 3273 esse
607 3214 795 3294 occupatus,
834 3215 869 3271 ut
897 3209 937 3270 ad
965 3227 1034 3271 eam
1062 3227 1188 3271 causam
1208 3209 1348 3293 peccati,
1386 3228 1481 3291 quam

155 3305 263 3390 paullo
286 3311 357 3368 ante
380 3304 582 3389 exposuerit,
620 3303 684 3367 vita
705 3302 842 3366 bominis
869 3302 969 3387 possit
995 3304 1244 3378 accommodari,
1278 3304 1341 3367 hoc
1362 3304 1478 3366 modo:

157 3399 191 3461 Si
213 3399 296 3462 dicet
315 3400 470 3484 pecuniae
495 3419 589 3461 causa
610 3397 746 3472 iecisse,
781 3398 928 3460 ostendet
955 3418 1029 3461 eum
1055 3417 1178 3483 semper
1208 3417 1338 3462 avarum
1358 3397 1479 3474 fuisse;

156 3493 184 3555 si
211 3494 362 3568 honoris,
399 3494 620 3571 ambitiosum
654 3494 698 3557 ita
726 3492 844 3577 poterit
871 3490 968 3556 animi
994 3493 1103 3557 vitium
1136 3512 1207 3555 oum
1237 3512 1330 3556 causa
1358 3493 1480 3576 peccati

120 3612 147 3655 ss
158 3590 387 3672 conglutinare.
443 3590 477 3654 si
504 3608 569 3653 uon
598 3588 715 3673 poterit
746 3606 803 3673 par
830 3589 926 3652 animi
955 3588 1066 3650 vitium
1099 3606 1170 3651 cum
1197 3607 1292 3650 causa
1319 3587 1478 3670 reperire,

157 3684 297 3769 reperiat
316 3685 434 3769 dispar.
490 3684 523 3747 Si
544 3702 608 3747 non
629 3682 746 3768 poterit
768 3702 897 3745 avaram
918 3683 1152 3757 demonstrare,
1190 3683 1383 3746 demonstret
1411 3700 1482 3745 cor-

156 3784 320 3862 ruptorem
352 3771 406 3841 vel‘
437 3776 657 3865 perfidiosum,
694 3776 721 3838 si
751 3796 814 3860 quo
844 3778 939 3841 modo
966 3778 1104 3862 poterit;
1143 3777 1277 3861 denique
1300 3776 1405 3861 aliquo
1427 3782 1481 3838 aut

158 3891 253 3958 quam
284 3871 428 3958 plurimis
460 3871 544 3938 vitiis
576 3870 800 3936 contaminabit
830 3889 1020 3956 personam;
1056 3872 1169 3934 deinde
1193 3870 1245 3955 qui
1268 3870 1346 3932 illud
1368 3867 1481 3933 lecerit

224 4043 252 4095 2.
270 4045 331 4096 itam
349 4044 440 4109 quotes
457 4045 497 4105 lt,
517 4042 538 4095 1.
550 4078 557 4104 ,
577 4042 673 4095 Graes.
693 4067 724 4078 -
742 4041 769 4092 ³.
789 4053 856 4104 qnos
873 4041 921 4091 ΕΤ
932 4057 940 4093 a
961 4049 986 4094 ct
1004 4055 1071 4106 quos
1083 4041 1143 4100 ΒΕ,
1162 4040 1252 4105 quotes
1264 4040 1363 4090 ΡΑΒΕ.
1383 4038 1479 4103 (Qatn-

157 4127 210 4175 que
237 4129 298 4181 crgo
327 4124 476 4167 nostrornm
495 4128 548 4166 om.
568 4113 615 4177 ct.)
634 4139 667 4150 -
694 4114 781 4163 citare
798 4113 840 4162 a:
869 4114 952 4164 ottnra'
969 4112 1078 4170 ΑΒΕΤ,
1109 4113 1196 4163 notari
1213 4125 1346 4172 supernos.
1366 4112 1377 4160 s'
1395 4113 1424 4160 Ρ.
1446 4136 1478 4148 -

156 4185 184 4235 o.
201 4189 341 4248 prosimus
364 4187 485 4236 ΡΑΕΤΕ.
522 4186 553 4235 ln
572 4185 594 4235 T
613 4184 692 4235 altera
720 4184 797 4235 loctlo
821 4196 899 4244 supra
926 4187 1024 4246 scrtpta
1044 4190 1092 4235 ast.
1136 4182 1293 4244 (postremas
1313 4195 1372 4231 cum
1392 4182 1477 4232 Codd.

155 4254 260 4309 Graevtl
280 4257 375 4309 Graes.
390 4254 466 4321 Scb.)
481 4283 512 4293 -
532 4256 558 4305 8.
578 4257 612 4306 Εε
628 4256 755 4305 nimirum
772 4255 974 4305 coniecturalem
992 4269 1058 4319 quoa
1074 4254 1164 4316 primo
1182 4267 1301 4317 quaeque
1319 4251 1479 4318 difficillima

156 4333 194 4377 ast
211 4328 253 4381 T:
286 4329 322 4379 Et
346 4331 472 4379 nimirum
499 4327 716 4379 coniecturalem.
746 4337 812 4389 quoa
836 4327 927 4387 primo
946 4334 971 4376 ct
990 4322 1148 4389 difficillimo
1166 4330 1204 4373 ost
1224 4324 1264 4383 ll,
1300 4323 1335 4372 Et
1351 4326 1480 4373 nimirum

155 4411 286 4462 quomque
304 4399 461 4465 difficillimo
479 4404 517 4449 est
534 4400 572 4456 Ρ,
591 4399 627 4448 Et
642 4398 769 4447 nimirum
788 4409 907 4461 quaeque
923 4397 1079 4462 difficillimo
1097 4404 1135 4445 cst
1153 4395 1174 4444 F
1192 4400 1219 4445 et
1237 4407 1277 4456 pr.
1297 4395 1335 4453 Α,
1356 4395 1390 4442 m
1402 4396 1480 4445 nlmi-

155 4480 215 4517 mm
238 4478 270 4522 nt
296 4484 413 4536 quaeque
438 4469 596 4535 difficillima
622 4476 659 4518 cst
676 4467 712 4526 B,
743 4468 780 4517 Et
797 4468 924 4516 nimirum
940 4466 1140 4517 coniecturalem
1159 4478 1217 4515 eom
1235 4476 1301 4529 qnos
1318 4462 1479 4528 difficillimo

157 4547 194 4589 ut
211 4540 247 4595 B,
279 4541 313 4591 Et
331 4542 459 4591 nimirum
476 4539 676 4591 coniecturalem
695 4551 752 4587 com
770 4551 838 4599 quoa
853 4539 943 4599 primo
960 4550 1074 4601 quaeque
1092 4537 1246 4602 difficillima
1264 4542 1301 4585 cst
1318 4535 1351 4584 Ε.
1374 4560 1401 4570 ·-
1432 4536 1477 4586 to.

155 4620 200 4659 reo
219 4624 271 4660 om.
285 4610 384 4662 ΡΑΕΤ.
403 4612 457 4664 Nos
469 4611 635 4663 secluslmus.
650 4632 681 4645 -
701 4608 745 4657 17.
764 4607 797 4658 ob
811 4607 965 4658 PABFRT:
986 4624 1004 4659 α
1017 4608 1047 4657 Ε.
1063 4633 1096 4645 -
1114 4608 1158 4657 21.
1177 4606 1305 4658 eiusmodi
1322 4605 1476 4658 PABFRT:

156 4679 306 4730 bataamodt
324 4682 355 4733 Ε.
377 4708 406 4720 -
428 4682 472 4733 bd.
493 4682 608 4733 ostendat
625 4679 658 4732 de
678 4678 783 4730 Gruter}
803 4681 872 4728 conl.
895 4683 1021 4741 capunxtt
1039 4678 1101 4729 Sela.
1123 4705 1155 4714 -
1174 4678 1218 4728 25.
1235 4679 1355 4739 potuerit
1372 4677 1429 4726 att.
1448 4702 1476 4713 -

155 4749 201 4801 28.
220 4750 253 4800 ln
269 4765 321 4816 quo
339 4767 389 4804 om.
408 4754 497 4804 ΡΑΕΕ
516 4759 543 4804 et
561 4765 600 4814 pr.
615 4750 647 4800 Τ.
684 4750 737 4802 Nos
755 4750 920 4801 seclustmus.
949 4776 978 4788 -
1011 4749 1054 4799 22.
1072 4751 1190 4812 primum
1208 4746 1363 4796 Paneas:
1388 4751 1478 4809 primo

156 4820 190 4871 Ε.
216 4848 243 4859 -
276 4822 321 4872 ³5.
341 4825 424 4873 ontmt
442 4823 529 4876 omit
546 4824 658 4886 alttqua,
676 4823 804 4884 ,expunxlt
822 4819 884 4870 Sctr.
922 4820 975 4873 Sed
994 4822 1075 4873 vatutt
1095 4835 1147 4872 uno
1166 4817 1292 4871 vocabulo
1311 4819 1425 4882 sculptor
1444 4832 1477 4870 eo

155 4891 336 4948 ntuetnrnsns
354 4906 422 4947 esse·
437 4919 469 4933 -
486 4894 532 4949 27.
550 4907 653 4963 quoquo
670 4891 728 4946 ΔΤ.
746 4915 779 4932 -
798 4889 843 4944 38.
862 4894 1045 4948 contaminere
1061 4891 1121 4958 PF,
1139 4889 1196 4943 Ital.
