3232 5392
608 222 684 288 uc.
708 221 748 289 11.
794 221 829 289 C.
853 223 904 293 33.
927 221 979 289 34.
1397 227 1460 292 143

131 388 307 478 pollicitus,
331 388 380 451 ius
402 384 510 461 civile,
548 386 635 473 quod
656 403 740 449 nunc
762 381 908 450 diffusum
931 393 964 451 et
984 386 1166 474 dissipatum
1189 392 1286 463 esset,
1320 384 1354 453 iu
1375 398 1462 455 certe

133 503 250 570 genera
279 489 459 547 coacturum
480 489 513 545 et
534 482 574 545 ad
596 487 696 545 artem
724 476 849 544 facilem
879 485 1091 549 redacturum.
1139 483 1211 548 143.
1247 486 1287 548 Et
1314 482 1459 569 quidem,

133 580 236 663 iuquit
258 577 396 650 Catulus,
423 574 663 662 haudquaquam
684 576 716 639 id
739 583 786 640 est
808 573 934 641 difficile
958 580 1084 653 Crasso,
1120 577 1244 664 quiet,
1275 580 1360 662 quod
1383 576 1462 644 disci

133 674 237 761 potuit
258 670 297 737 de
319 675 404 748 iure,
438 669 547 736 didicit
568 678 617 746 et,
652 671 738 757 quod
759 669 817 743 iis,
852 670 907 756 qui
930 691 1002 736 eum
1025 675 1216 748 docuerunt,
1246 670 1359 748 deluit,
1393 675 1461 756 ipse

134 767 259 847 sileret3
288 775 340 845 ut,
364 787 445 853 quac
467 764 583 831 sintin
604 765 690 838 iure,
712 763 764 829 vel
786 772 876 830 acute
898 763 1079 832 describere
1101 769 1151 832 vel
1174 774 1284 832 ornate
1305 765 1484 833 inmunes

132 861 243 951 possit.
287 864 371 948 Ergo
394 861 470 938 iste,
494 862 596 948 inquit
615 862 789 936 Antonius,
811 869 879 926 tum
901 882 919 926 a
941 864 1054 929 Crasso
1076 865 1250 940 discemus,
1272 885 1343 930 cum
1365 866 1462 931 sede

133 960 227 1025 turba
249 964 280 1022 et
301 978 320 1022 a
341 955 497 1024 subselliis
519 957 554 1020 in
575 957 690 1031 otium,
725 962 762 1021 ut
783 957 918 1041 cogitat,
954 957 1134 1045 soliumque
1162 961 1341 1024 contulerit.
1387 959 1460 1025 144.

133 1055 200 1118 Iam
221 1055 254 1118 id
276 1051 402 1139 quidem
424 1069 537 1136 saepe,
575 1051 677 1134 inquit
698 1052 844 1127 Catulus,
880 1071 919 1114 ex
942 1072 981 1116 eo
1004 1053 1132 1129 audivi,
1166 1072 1237 1119 cum
1260 1052 1380 1120 diceret
1400 1055 1462 1119 sibi

134 1155 254 1213 certum
277 1166 345 1212 esse
366 1167 384 1212 a
405 1145 530 1212 iudiciis
553 1147 717 1232 causisque
738 1147 922 1224 discedere;
960 1150 1034 1221 sed,
1069 1154 1105 1211 ut
1133 1147 1193 1233 ipsi
1222 1147 1310 1214 soleo
1338 1147 1461 1224 dicere,
1576 1170 1579 1177 ·

133 1262 199 1309 non
230 1238 356 1306 licebit..
391 1244 502 1327 Neque
536 1243 619 1304 enim
652 1239 804 1306 auxilium
838 1261 930 1306 suum
959 1260 1053 1326 saepe
1082 1262 1102 1304 a
1127 1241 1204 1307 viris
1230 1245 1323 1308 honis
1344 1241 1500 1309 imanes·

133 1335 297 1425 implorari
318 1337 454 1418 patietur
474 1355 576 1421 neque
598 1336 631 1398 id
651 1354 754 1419 aequo
776 1336 882 1399 animo
904 1333 984 1399 feret
1006 1335 1132 1412 civitas3
1171 1356 1251 1422 quae
1274 1339 1300 1402 si
1322 1357 1400 1402 voce
1421 1341 1459 1403 L.

135 1431 237 1500 Crassi
259 1433 393 1504 carebit,
416 1437 600 1494 ornamento
624 1434 761 1513 quodam
785 1450 855 1494 sese
878 1431 1042 1512 spoliatam
1064 1429 1195 1515 putabit.
1241 1434 1320 1496 Nam
1341 1431 1459 1508 hercle,

134 1526 235 1614 inquit
255 1526 424 1598 Antonius,
447 1522 473 1588 si
494 1521 571 1588 haec
592 1544 667 1587 vere
689 1544 707 1587 a
731 1522 840 1588 Catulo
862 1522 944 1588 dicta
966 1531 1054 1598 sunt,
1077 1522 1135 1586 tihi
1150 1542 1272 1590 mecum
1295 1527 1327 1590 in
1349 1523 1463 1595 eodem

135 1629 184 1686 est
209 1619 355 1705 pistrino,
390 1619 514 1691 Crasse,
548 1615 734 1697 vivendum3
774 1626 806 1682 et
834 1620 925 1682 istam
947 1619 1132 1682 oscitantem
1163 1615 1207 1701 [et
1228 1617 1460 1706 dormitantem]

134 1716 318 1800 sapientiam
342 1710 562 1777 Scaevolarum
585 1719 616 1776 et
637 1718 818 1778 ceterorum
839 1715 1005 1777 beatorum
1027 1713 1093 1776 otio
1117 1715 1339 1778 concedamus.
1386 1717 1458 1780 145.
1471 1728 1499 1776 ss

122 1807 248 1875 ‘Arrisit
274 1807 325 1874 hic
352 1809 480 1873 Crassus
507 1804 620 1870 leniter
647 1814 696 1881 ct,
733 1809 868 1872 Periere
889 1809 1005 1883 modo,
1043 1807 1166 1891 inquit,
1202 1807 1336 1883 Antoni,
1374 1810 1460 1895 quod

135 1923 267 1969 exorsus
290 1924 336 1967 cs.
379 1905 430 1967 Me
452 1908 558 1966 tamen
578 1900 639 1965 ista
660 1901 797 1967 oscitans
819 1901 988 1988 sapientia,
1022 1899 1210 1988 simulatque
1232 1903 1272 1967 ad
1294 1922 1362 1967 eam
1385 1923 1461 1968 con·

134 1999 266 2083 iugero,
289 1997 322 2062 in
343 1994 519 2061 libertatem
541 1997 725 2060 vindicabit.

219 2093 365 2156 XXXIV.
403 2092 504 2155 Huius
534 2093 662 2176 quidem
689 2089 771 2167 loci,
811 2111 905 2176 wem
935 2091 1031 2156 modo
1061 2109 1303 2166 sumeremus,
1340 2093 1393 2156 hic
1416 2096 1464 2157 est

135 2186 221 2263 finis,
244 2187 347 2272 inquit
360 2186 526 2250 Antonius:
550 2186 698 2271 quoniam
720 2183 904 2270 intelligitur
924 2204 990 2248 non
1012 2182 1044 2249 in
1065 2185 1231 2249 hominum
1246 2185 1501 2253 innumerabi-ee
1568 2216 1572 2223 ·

134 2279 218 2349 titus
247 2280 393 2367 personis
425 2299 529 2366 neque
562 2282 595 2344 in
622 2277 743 2345 inlicita
773 2287 952 2363 temporum
980 2280 1131 2344 venciate
1159 2283 1215 2344 sed
1244 2282 1277 2346 in
1310 2302 1462 2368 generum

136 2376 238 2442 causis
259 2380 352 2460 atque
374 2377 492 2439 naturis
514 2375 619 2439 omnia
640 2375 700 2440 sita
721 2393 812 2449 esse,
847 2392 929 2460 quac
954 2371 987 2437 in
1010 2370 1141 2438 dubium
1163 2383 1370 2453 vocarentur3
1409 2396 1465 2461 ge·

135 2488 213 2535 nere
233 2475 337 2533 autem
361 2491 430 2535 csse
453 2467 580 2535 definita
601 2490 666 2534 non
688 2469 790 2535 solum
810 2487 943 2533 numero
962 2465 1018 2532 sed
1034 2469 1129 2532 etiam
1143 2472 1319 2555 paucitate3
1342 2478 1379 2534 ut
1392 2489 1463 2535 eam

135 2561 300 2628 materiem
330 2563 497 2638 orationis,
531 2581 612 2650 qnae
643 2564 796 2647 cuiusque
826 2570 910 2626 esset
937 2561 1077 2647 generis,
1116 2564 1248 2629 studiosi
1276 2566 1330 2652 qui
1359 2571 1465 2630 essent

136 2657 276 2732 dicendi,
310 2657 455 2723 omnibus
476 2659 555 2724 locis
581 2659 785 2742 descriptam,
822 2657 1006 2720 instructam
1030 2665 1233 2744 ornatamque
1256 2662 1501 2745 comprehense

137 2754 264 2824 derent,
298 2749 392 2817 rebus
414 2752 486 2818 dico
508 2760 540 2816 et
560 2751 732 2816 sententiis.
780 2752 851 2814 146.
885 2753 932 2814 Ea
953 2748 985 2812 vi
1007 2769 1062 2814 sua
1084 2753 1182 2815 verba
1210 2753 1346 2836 parient,
1381 2773 1462 2840 quae

136 2868 264 2931 semper
284 2849 358 2913 satis
380 2854 489 2911 ornata
511 2848 588 2911 milri
619 2849 746 2932 quidem
779 2846 879 2909 videri
909 2841 1027 2919 solent,
1065 2844 1092 2910 si
1121 2846 1275 2911 eiusmodi
1304 2856 1391 2920 sunt,
1429 2852 1464 2912 ut

137 2965 176 3010 ea
204 2961 255 3007 res
283 2942 351 3027 ipsa
378 2944 539 3027 peperisse
568 2939 723 3008 videatur.
767 2941 832 3015 Ac,
870 2938 897 3003 si
925 2959 1036 3004 verum
1064 2939 1230 3023 quaeritis,
1268 2944 1353 3027 quod
1382 2939 1461 3005 mihi

137 3036 263 3125 quidem
293 3039 452 3101 videatur:
489 3035 578 3120 (nihil
600 3036 683 3100 enim
707 3036 791 3099 uliud
814 3031 970 3098 affirmare
992 3052 1119 3119 possum
1141 3036 1202 3099 nisi
1223 3034 1409 3100 senientiam
1432 3040 1465 3099 et

138 3131 318 3215 opinionem
334 3129 462 3215 meam:)
485 3134 545 3195 hoc
567 3133 806 3195 instrumentum
829 3147 992 3192 causarum
1014 3136 1046 3192 et
1068 3150 1219 3212 generum
1240 3129 1501 3195 universorumae

136 3225 170 3292 in
192 3224 297 3290 iorum
320 3223 443 3289 deterre
466 3223 618 3289 debemus
646 3244 766 3309 neque,
804 3230 839 3287 ut
868 3243 1013 3309 quaeque
1040 3243 1092 3287 res
1120 3222 1223 3288 delata
1244 3222 1283 3287 ad
1306 3244 1363 3289 nos
1385 3225 1463 3300 erit,

138 3327 205 3385 tum
226 3318 361 3405 denique
383 3320 515 3384 scrutari
536 3317 642 3394 locos,
666 3338 705 3383 ex
721 3314 834 3402 quibus
849 3325 1033 3401 argumenta
1049 3338 1211 3395 eruamus;
1236 3338 1316 3403 quac
1332 3320 1461 3405 quidem
1560 3388 1571 3398 ,

139 3414 301 3488 omnibus,
325 3415 378 3497 qui
400 3434 438 3477 ea
459 3410 660 3478 mediocriter
681 3417 777 3477 modo
798 3409 1042 3488 considerarim,
1065 3414 1170 3477 studio
1185 3411 1327 3477 adhibito
1343 3420 1375 3476 ct
1390 3433 1462 3489 usu,

137 3513 326 3592 pertractata
348 3526 417 3572 csse
439 3516 586 3591 possuut;
618 3509 673 3573 sed
696 3515 800 3572 tamen
823 3507 945 3571 animus
967 3503 1150 3572 referendus
1171 3515 1219 3571 est
1240 3505 1279 3571 ad
1302 3506 1465 3593 cacapite

138 3609 171 3668 et
192 3599 232 3665 ad
253 3600 340 3675 illos,
362 3621 442 3688 quos
460 3622 556 3684 saepe
571 3605 632 3666 iam
648 3599 822 3688 appellari,
845 3602 953 3675 locos,
977 3621 1017 3665 ex
1034 3601 1148 3686 quibus
1163 3603 1267 3667 omnia
1280 3600 1321 3666 ad
1336 3615 1500 3668 omnemss

138 3697 313 3763 orationem
334 3694 461 3760 inventa
482 3694 648 3761 ducuntur.
696 3698 766 3761 147.
799 3695 902 3780 Atque
930 3697 991 3758 hoc
1019 3703 1118 3761 totum
1142 3698 1278 3762 estsine
1299 3698 1375 3762 artis
1396 3698 1463 3761 sive

138 3788 415 3856 animadversionis
438 3791 504 3854 sive
526 3788 780 3864 consuetudinis,
803 3809 896 3854 nosse
911 3789 1075 3875 regiones,
1096 3792 1179 3855 intra
1200 3811 1278 3877 quas
1297 3810 1414 3856 venere
1430 3796 1463 3875 et

138 3885 346 3971 pervestigcs,
370 3887 455 3971 quod
469 3904 613 3971 quaeras.
658 3880 717 3948 Ubi
733 3904 806 3948 eum
819 3882 925 3949 locum
941 3905 1067 3949 omnem
1081 3886 1272 3969 cogitatione
1293 3881 1459 3969 saepscris,

1381 3995 1456 4007 —-

208 4049 234 4097 1.
254 4049 295 4098 tce
312 4048 357 4098 ΑΒ
375 4049 491 4111 allique:
511 4050 597 4098 seins
616 4048 719 4099 11Β.-
747 4054 811 4098 esset
829 4049 852 4099 Α
871 4044 908 4111 (et
925 4050 964 4098 alc
981 4047 1086 4101 rolebet
1102 4045 1155 4111 T):
1183 4059 1239 4099 erse
1257 4048 1297 4106 B,
1316 4053 1352 4097 est
1373 4045 1416 4094 ΒΒ
1436 4051 1464 4095 et

139 4116 262 4168 Ellendtli
283 4130 389 4180 operes.
404 4145 432 4156 -
455 4119 481 4168 Β.
494 4118 543 4170 Vs.
557 4126 582 4170 et
599 4143 611 4155 ·
627 4145 639 4156 ·
655 4121 828 4171 redacturum
844 4120 999 4170 exciderunt
1018 4133 1048 4171 eu
1061 4119 1116 4168 ΑΒ.
1133 4144 1161 4156 -
1182 4118 1289 4183 [mitem
1308 4116 1392 4166 codd.
1407 4114 1460 4164 el.s

138 4187 216 4250 fcctle
233 4188 287 4239 ΒΒ.
309 4215 337 4229 -
359 4189 386 4239 5.
406 4187 513 4254 offeret
532 4190 562 4240 lt.
582 4191 668 4240 -sit
687 4191 772 4240 1.-
802 4195 879 4239 cente
897 4189 942 4252 Lg.
963 4202 1055 4241 omnes
1075 4195 1181 4252 prester
1199 4201 1238 4250 pr.
1258 4187 1321 4245 ³2..
1341 4187 1380 4237 lt:
1401 4190 1463 4246 epte

138 4259 160 4309 Β
188 4255 244 4321 (et,
272 4263 301 4310 ut
325 4258 447 4320 ridetur,
473 4257 541 4322 ΑΒ.)
560 4285 594 4295 -
622 4259 650 4310 7.
670 4265 701 4310 ct
719 4262 819 4324 cogitat
837 4272 889 4310 osu.
910 4259 966 4309 ΑΒ.
994 4285 1024 4297 -
1055 4258 1276 4321 οο111331οιοοιᾳοιο
1294 4257 1325 4306 Β.
1352 4282 1380 4294 -
1415 4257 1459 4306 li).

138 4329 269 4379 occidam
285 4328 331 4379 ΑΒ
349 4330 467 4394 altique:
487 4333 543 4392 ipse
562 4331 692 4380 uomitum
710 4330 763 4381 ΒΒ.
783 4331 879 4380 -12
897 4343 923 4381 se
942 4342 1002 4380 cum
1021 4330 1109 4380 multis
1130 4329 1190 4392 leg.
1205 4329 1237 4377 T.
1257 4326 1394 4392 Vulgetsm
1408 4339 1462 4377 see·

138 4406 201 4451 rent
218 4399 297 4450 ΑΒΒ.
317 4425 348 4435 -
369 4402 413 4451 13.
433 4401 535 4452 moute
551 4401 583 4450 11.
604 4424 636 4436 -
655 4401 698 4452 14.
715 4401 832 4464 pristino
851 4400 888 4457 Α.
912 4402 1029 4463 pristino
1048 4401 1168 4449 instituto
1186 4398 1241 4447 ΒΒ.
1259 4419 1294 4434 -
1324 4403 1349 4447 et
1366 4399 1463 4448 dorni·

139 4475 241 4521 tentem
259 4482 312 4522 cnr.
332 4471 407 4522 Voss·
427 4471 468 4530 Β,
494 4471 681 4521 dormitantem
698 4474 754 4521 stne
773 4478 798 4522 et
818 4470 912 4528 tesca
932 4471 1041 4522 seclusit
1059 4469 1240 4524 ileurlcisenz
1267 4472 1391 4528 expuunt
1410 4468 1461 4529 Τ..

139 4538 306 4603 (SerretA.)
327 4566 356 4577 -
388 4541 431 4592 13.
452 4541 542 4593 buter
559 4541 612 4591 ΒΒ.
631 4565 663 4576 -
692 4540 886 4603 praetentet,
904 4545 1024 4604 pertecte
1042 4538 1072 4589 Β.
1093 4564 1125 4576 -
1155 4539 1198 4588 17.
1218 4537 1261 4589 Me
1279 4551 1332 4588 our.
1353 4538 1408 4588 ΑΒ.
1430 4563 1459 4577 -

138 4612 183 4660 20.
201 4611 393 4676 intelligeretur
411 4612 465 4663 ΑΒ.
484 4636 518 4646 -
536 4613 566 4661 in
582 4617 643 4661 ente
663 4611 796 4660 nominum
814 4618 842 4660 et
859 4617 919 4662 ente
938 4612 1049 4676 infinitis
1068 4621 1120 4660 orn.
1140 4609 1172 4658 Β.
1193 4634 1225 4646 -
1243 4606 1287 4658 33.
1313 4610 1354 4658 Ec
1374 4609 1460 4659 nolte

139 4681 195 4733 lice
211 4681 243 4731 Β.
265 4705 294 4717 -
313 4683 342 4730 vi
357 4686 387 4730 nt
403 4695 454 4732 ecc
471 4681 504 4733 Β.
524 4708 557 4719 -
572 4683 685 4743 pariunt
702 4681 733 4732 Β.
754 4704 786 4714 -
805 4679 849 4730 31.
868 4682 1002 4744 infernin
1019 4692 1071 4731 orn.
1093 4678 1149 4728 ΑΒ.
1171 4702 1200 4714 -
1228 4675 1273 4727 33.
1293 4680 1462 4730 considerent

139 4751 172 4801 lt.
191 4775 226 4787 -
242 4750 286 4801 33.
306 4753 430 4803 dicuntur
449 4752 478 4803 11.
500 4779 530 4791 -
548 4751 593 4802 37.
612 4755 667 4802 eice
685 4752 877 4802 consuetudinis
896 4765 949 4803 cm.
969 4751 1023 4802 ΑΒ.
1044 4774 1075 4786 -
1093 4761 1185 4800 venere
1203 4743 1237 4810 et]
1255 4751 1345 4800 eentre
1362 4757 1386 4800 et
1403 4749 1459 4808 ΑΒ.

139 4823 230 4872 venire
245 4822 358 4874 coece.-
382 4830 412 4876 nt
430 4822 463 4876 11.
490 4845 526 4862 ·-
551 4822 595 4876 38.
612 4835 663 4889 per
680 4823 774 4874 cuites
790 4821 823 4874 Α.
854 4845 884 4858 -
911 4823 984 4893 guod
1001 4817 1125 4889 moos]
1142 4832 1263 4890 quoquae
1278 4832 1320 4871 ree
1339 4820 1381 4883 A,
1409 4830 1460 4886 quo
1510 4874 1514 4880 ,

139 4903 251 4961 guenet
268 4892 300 4945 Β.
