3232 5392
174 215 236 288 159
669 215 723 282 DE
745 214 995 281 INVENTIONE

173 381 322 448 strabitur
344 378 449 466 aliqua
468 379 615 444 fortunae
636 378 685 442 ris
706 377 862 443 voluntati
883 376 1060 452 obstitisse,
1084 383 1120 441 ut
1140 376 1172 441 in
1193 379 1275 442 hac:
1301 378 1382 443 Cum
1404 380 1501 444 Lace·

174 475 347 542 daemoniis
369 476 422 539 lor
444 480 540 547 esset,
562 479 614 548 ut,
644 473 762 538 hostias
783 475 844 538 nisi
865 471 905 537 ad
927 470 1113 537 sacrificinm
1137 471 1295 558 quoddam
1317 475 1504 556 redemptor

174 567 387 654 praebuisset,
411 568 524 650 capital
547 574 648 642 esset,
671 569 789 632 hostias
812 567 857 643 is,
881 568 935 653 qui
956 569 1149 641 redemerat,
1172 585 1243 630 cum
1266 564 1412 631 sacrificii
1433 567 1503 634 dies

173 667 320 738 instaret,
343 664 377 727 in
397 664 508 726 urbem
531 682 571 724 ex
593 682 669 745 agro
691 664 797 745 coepit
817 683 921 746 agere.
966 664 1045 726 Tum
1067 662 1171 725 subito
1193 658 1316 744 magnis
1335 662 1503 728 commotis

152 756 411 844 stempestatibus
432 756 546 820 fluvius
568 757 704 820 Eurotas
724 757 773 832 is,
806 757 860 841 qni
888 763 1015 842 praetor
1035 758 1307 819 Lacedaemonem
1329 754 1422 832 tluit,
1459 758 1504 822 ita

174 872 306 934 magnus
329 859 360 915 et
380 848 549 915 vehemens
570 848 670 914 iactus
692 858 752 923 est.
775 858 811 914 ut
833 872 872 914 ea
893 851 1015 915 traduci
1037 848 1182 914 victimae
1202 847 1290 913 nullo
1311 853 1408 915 modo
1428 870 1504 937 pos-

174 952 255 1011 sent.
299 948 352 1009 97.
377 941 569 1026 Redemptor
590 941 665 1007 suae
687 943 856 1009 voluntatis
873 942 1087 1009 ostendendae
1103 960 1196 1008 causa
1209 944 1328 1009 hostias
1342 946 1505 1011 constituit

176 1062 285 1107 omnes
314 1041 347 1104 in
375 1036 483 1110 litore,
518 1044 569 1113 ut,
605 1036 659 1123 qui
687 1046 772 1103 trans
802 1042 921 1103 flumen
951 1045 1071 1111 essent,
1108 1037 1218 1102 videro
1239 1048 1378 1123 possent.
1425 1041 1505 1106 Cum

176 1154 285 1201 omnes
307 1130 411 1199 studio
433 1130 501 1196 eius
523 1134 657 1196 subitam
679 1132 816 1197 fluminis
838 1133 1084 1217 magnitudinem
1106 1131 1222 1197 scirent
1243 1131 1342 1198 fuisse
1369 1132 1504 1218 impedi-

138 1248 166 1289 1⁰
176 1237 296 1314 mento,
319 1235 425 1291 tamen
446 1224 573 1312 quidam
596 1225 706 1312 capitis
727 1226 948 1292 arcessierunt.
992 1225 1129 1291 Intentio
1151 1234 1213 1292 est:
1251 1228 1399 1304 Hostiae,
1425 1249 1504 1314 quas

175 1322 310 1389 debuisti
324 1324 364 1386 ad
378 1318 580 1395 sacrificium,
602 1329 730 1404 praesto
744 1344 810 1387 non
824 1320 961 1387 inarum.
987 1321 1157 1405 Deputsio:
1182 1324 1356 1390 concessio.
1392 1325 1500 1389 Ratio:

174 1418 305 1484 Flumen
326 1413 410 1480 enim
433 1411 537 1480 subito
558 1415 696 1479 accrevit
716 1425 746 1481 et
769 1437 807 1481 ea
827 1436 862 1480 re
884 1416 1004 1480 traduci
1025 1435 1089 1480 non
1111 1425 1289 1502 potuerunt.
1332 1415 1504 1484 Infirmatio

176 1519 245 1577 est:
269 1514 403 1584 Tamen,
427 1507 591 1594 quoniam,
614 1507 700 1593 quod
721 1508 772 1575 lex
793 1513 898 1586 iubet,
922 1509 1037 1575 sactum
1052 1532 1115 1575 non
1132 1518 1194 1584 cst.
1217 1509 1375 1594 supplicio
1390 1509 1504 1596 dignus

177 1628 220 1674 es.
262 1605 415 1669 iudicatio
438 1609 506 1667 est:
541 1602 619 1665 Cum
642 1605 675 1667 in
698 1622 735 1668 ea
756 1625 791 1670 re
813 1611 921 1669 contra
942 1602 1046 1689 legem
1066 1601 1252 1689 redemptor
1272 1602 1403 1680 fecerit,
1443 1627 1504 1692 qua

137 1717 165 1759 1⁵
175 1700 208 1766 in
230 1721 265 1766 re
287 1695 391 1762 studio
413 1697 482 1761 eius
502 1696 605 1760 subita
627 1697 764 1762 fluminis
786 1699 943 1762 obstiterit
957 1695 1153 1780 magnitudo,
1176 1696 1331 1783 supplicio
1348 1696 1504 1782 dignusne

176 1798 240 1860 sitt
282 1794 414 1856 XXXII.
449 1791 500 1854 98.
534 1790 740 1856 Necessitudo
761 1799 866 1857 autem
887 1790 1037 1866 insertur,
1060 1811 1132 1856 cum
1153 1790 1185 1856 ri
1207 1795 1342 1877 quadam
1365 1814 1440 1859 reus
1462 1792 1502 1869 id,

176 1887 262 1974 quod
284 1885 412 1959 iecerit,
433 1883 546 1950 fecisse
569 1883 763 1962 detenditur,
788 1889 849 1951 boc
871 1885 991 1951 modo:
1015 1889 1082 1951 Lex
1105 1893 1152 1950 est
1173 1884 1257 1972 apud
1279 1886 1437 1963 Rhodios.
1459 1896 1502 1960 ut,

176 1983 204 2049 si
225 2003 287 2068 qua
309 1987 441 2045 rostrata
462 1979 495 2043 in
517 1987 612 2062 portu
634 1979 721 2044 navis
743 1979 938 2063 deprehensa
961 1979 1018 2055 sit,
1047 1982 1236 2066 publicetur.
1289 1982 1367 2046 Cum
1392 2002 1503 2067 magna

176 2080 209 2142 in
231 2078 294 2142 alto
316 2082 485 2161 tempestas
507 2081 611 2148 esset,
647 2078 694 2139 vis
716 2082 881 2140 ventorum
910 2075 1017 2140 invitis
1040 2077 1143 2139 nautis
1166 2073 1359 2140 Rhodiorum
1382 2076 1416 2141 in
1429 2097 1505 2159 por-

139 2180 243 2237 ntum
265 2190 377 2236 navem
400 2167 513 2254 coegit.
559 2171 716 2247 Quaestor
736 2190 850 2236 navem
873 2169 983 2254 popuii
998 2176 1098 2235 vocat.
1142 2169 1235 2234 Navis
1250 2168 1397 2235 dominus
1412 2179 1505 2254 negat

178 2273 326 2349 oportere
347 2263 515 2347 publicari.
560 2266 694 2328 intentio
728 2271 796 2328 est:
834 2268 978 2330 Rostrata
1008 2267 1097 2330 naris
1128 2263 1162 2329 in
1188 2272 1284 2347 portu
1307 2263 1504 2350 deprebensa

178 2368 236 2425 est.
280 2360 452 2445 Depulsioz
488 2359 662 2424 concessio.
712 2357 822 2424 Ratio:
860 2361 898 2422 Vi
926 2369 958 2424 et
985 2358 1165 2424 necessario
1193 2379 1302 2425 sumus
1322 2361 1356 2422 in
1378 2368 1504 2445 portum

177 2453 288 2519 coacti·
333 2451 503 2517 Infirmatio
526 2460 592 2516 est:
626 2454 744 2518 Navem
766 2473 807 2516 ex
828 2455 900 2536 loge
923 2463 1026 2518 tamen
1048 2454 1159 2540 populi
1181 2473 1252 2517 esse
1273 2461 1410 2538 oportet.
1454 2454 1505 2516 lu·

178 2546 294 2613 dicatio
317 2555 384 2611 est:
422 2549 498 2612 Cum
521 2553 687 2611 rostratam
709 2567 818 2610 navem
841 2549 989 2634 inportu
1012 2547 1239 2634 deprehensam
1263 2550 1315 2612 len
1337 2547 1506 2630 publicarit

140 2657 312 2727 ”cumque
334 2645 413 2706 haec
437 2640 524 2705 navis
547 2640 653 2704 invitis
677 2644 779 2706 nautis
803 2640 835 2705 vi
863 2641 1055 2728 tempestatis
1076 2645 1109 2707 in
1134 2651 1264 2728 portum
1286 2645 1428 2707 coniecta
1453 2644 1503 2715 sit.

177 2744 362 2824 oporteatne
385 2757 455 2801 eam
479 2733 659 2822 publicarit
702 2738 754 2799 99.
780 2737 904 2800 Horum
925 2736 1018 2800 trium
1041 2755 1190 2819 generum
1216 2735 1335 2801 idcirco
1355 2738 1504 2802 inunum

177 2834 283 2897 locum
307 2830 494 2896 contulimus
527 2832 689 2913 exempla,
725 2832 810 2915 quod
834 2828 943 2894 similis
968 2829 1001 2894 in
1029 2851 1067 2894 ea
1092 2832 1272 2917 praeceptio
1303 2839 1504 2915 argumento-

177 2947 248 2990 rum
277 2923 420 2989 traditur.
477 2927 556 2988 Nam
585 2924 617 2987 in
649 2926 698 2988 bis
720 2923 866 2988 omnibus
888 2925 1040 3008 primum.
1078 2927 1105 2988 si
1137 2923 1212 3008 quid
1242 2944 1294 2989 res
1320 2927 1388 3011 ipsa
1418 2924 1505 2989 dabit

178 3017 350 3093 facultatis,
374 3019 586 3082 coniecturam
612 3015 719 3082 induci
740 3020 780 3081 ab
806 3026 988 3082 accusatore
1017 3018 1192 3104 oportebit,
1215 3027 1249 3083 ut
1267 3016 1315 3093 id,
1343 3022 1429 3105 quod
1449 3039 1506 3083 vo-

141 3113 296 3179 otluntate
309 3111 425 3177 factum
440 3108 621 3196 negabitur,
645 3109 787 3176 consulto
804 3110 920 3175 iactum
940 3113 1119 3197 suspicione
1135 3110 1238 3196 aliqua
1254 3110 1503 3189 demonstretur3

180 3208 294 3270 deinde
317 3204 465 3270 inducere
498 3203 708 3269 definitionem
732 3205 970 3270 necessitudinis
996 3214 1049 3270 aut
1079 3227 1169 3271 casus
1197 3215 1250 3271 aut
1276 3206 1505 3292 imprudentiae

181 3309 212 3365 et
233 3299 376 3383 exempla
394 3303 433 3364 ad
456 3320 524 3364 eam
546 3300 762 3363 definitionem
783 3302 972 3382 adiungere,
995 3302 1029 3365 in
1049 3304 1163 3388 quibos
1181 3298 1391 3386 imprudentia
1408 3299 1505 3365 fuisse

179 3393 325 3462 videatur
353 3403 405 3460 aut
437 3415 528 3459 casus
555 3401 608 3459 aut
634 3392 853 3468 necessitudo,
888 3404 919 3458 et
940 3398 979 3459 ab
1004 3395 1053 3459 bis
1076 3394 1131 3472 id,
1169 3394 1254 3481 quod
1281 3415 1355 3459 reus
1378 3394 1504 3469 inierat,

181 3509 344 3573 separare,
368 3491 399 3554 id
425 3496 491 3562 ost,
515 3486 682 3553 ostendere
705 3486 872 3562 dissimile,
905 3489 987 3574 quod
1009 3488 1125 3566 levius,
1157 3489 1300 3565 facilius,
1330 3509 1394 3553 non
1416 3489 1507 3573 igno-

144 3582 296 3660 ³⁵rabile,
320 3605 382 3649 non
403 3582 586 3658 fortuitum,
616 3602 680 3646 non
698 3582 909 3647 necessarium
935 3583 1048 3663 suerit3
1081 3592 1190 3669 postea
1212 3588 1428 3649 demonstrare
1450 3603 1507 3669 po·

181 3682 278 3744 tuisse
299 3678 410 3757 vitari;
434 3686 466 3743 et
487 3681 547 3743 bac
569 3677 690 3743 ratione
712 3675 874 3764 provideri
892 3678 1049 3764 potuisse,
1072 3678 1099 3743 si
1115 3681 1176 3743 hoc
1198 3687 1252 3743 aut
1272 3676 1349 3743 illud
1366 3677 1504 3752 iecisset,

250 3955 277 4006 3.
297 3954 460 4017 capitata,
493 3952 592 4017 Grypb.
612 3953 665 4004 duo
684 3958 711 4004 et
729 3967 769 4016 pr.
788 3953 809 4004 Ρ
830 3953 906 4018 prob.
926 3954 1128 4005 Lindemanno:
1158 3954 1274 4017 capitote
1301 3953 1322 4003 R
1349 3966 1409 4004 cum
1434 3953 1458 4003 R
1481 3958 1507 4002 et

182 4039 249 4078 corr.
269 4025 299 4077 Ρ.
322 4049 352 4061 -
384 4025 411 4075 t.
436 4032 579 4075 commotos
597 4024 640 4074 Pa
658 4036 689 4074 ec
707 4025 837 4087 ptertque.
858 4026 902 4081 (Ut
920 4038 986 4081 nos,
1015 4025 1058 4083 R.
1086 4025 1142 4075 Pet.
1162 4025 1197 4073 11.
1218 4032 1244 4074 et
1262 4037 1301 4086 pr.
1323 4024 1398 4073 Lero.
1420 4024 1455 4072 11.
1476 4034 1507 4073 ac

181 4100 218 4149 stc
237 4097 341 4147 volebat
359 4097 410 4146 tam
430 4095 596 4150 Lambinus.)
610 4121 641 4131 -
659 4096 687 4145 5.
704 4102 812 4159 praeter
829 4095 858 4153 Ρ,
879 4095 967 4147 Senot.
988 4094 1064 4148 Voss.
1078 4096 1101 4144 1.
1121 4095 1196 4146 Letd.
1208 4095 1276 4143 HL:
1293 4101 1405 4157 propter
1423 4093 1505 4143 RRR.

181 4193 216 4204 -
233 4167 260 4218 0.
280 4182 311 4218 eo
331 4164 394 4229 (vta)
413 4166 452 4225 P,
479 4172 509 4216 ut
527 4165 632 4216 rotabat
650 4165 764 4216 Lama:
796 4177 825 4213 eo
844 4179 903 4216 curn
923 4168 1016 4217 ceteris
1037 4167 1076 4224 R.
1106 4167 1177 4224 cuod
1197 4171 1228 4214 ut
1246 4178 1294 4226 pro
1312 4165 1371 4214 ideo
1391 4167 1506 4225 posttarn

182 4237 350 4290 ostenderam
365 4250 395 4289 er
408 4250 482 4301 seqq·
496 4241 521 4288 et
531 4250 563 4287 ea
574 4249 604 4285 re
616 4237 739 4294 tredaci:
759 4249 848 4288 rerum
863 4239 904 4286 bic
922 4250 999 4287 causa
1019 4239 1082 4288 satta
1101 4238 1233 4287 tndteatur
1244 4249 1285 4285 vv.
1300 4237 1340 4285 tto
1351 4258 1363 4268 ·
1374 4258 1385 4270 ·
1397 4241 1437 4284 ut.
1452 4234 1505 4283 Oa.

183 4333 210 4345 -
227 4311 270 4360 10.
285 4315 449 4358 arcesserunt
462 4307 495 4356 Λ.
515 4306 581 4357 the
596 4306 717 4356 Lindem.
733 4330 765 4341 -
785 4311 822 4355 est
839 4321 891 4356 our.
907 4308 987 4356 ,1.-
1006 4309 1049 4357 11.
1070 4306 1194 4370 Depatss'o
1207 4306 1237 4365 P,
1258 4305 1345 4356 Senot.
1361 4304 1506 4357 versib:

181 4380 305 4443 Depaisa‘o
324 4377 499 4428 1111101.-
518 4376 561 4427 tt.
582 4385 675 4426 contro
694 4377 775 4440 tegens
792 4377 939 4441 redemptor
956 4379 1064 4442 penit.-
1085 4384 1179 4428 sontro
1194 4377 1274 4441 legem
1292 4376 1440 4437 redemptor
1458 4375 1508 4426 oti·

181 4451 351 4513 patefecerit
369 4448 456 4504 Pan,
475 4448 623 4511 redemptor
643 4454 737 4496 contro
754 4447 835 4510 legem
853 4447 942 4509 feccrit
960 4448 991 4498 11.
1011 4446 1124 4512 (aliquid
1143 4461 1195 4497 om·
1217 4461 1257 4510 pr.
1278 4444 1432 4510 901101)-
1462 4448 1506 4499 15.

182 4521 310 4583 supplicio
328 4521 457 4580 otpnome
472 4518 541 4568 PAR
560 4520 675 4578 alitque:
708 4517 867 4580 suppttcione
882 4519 977 4583 dignas
997 4519 1027 4569 R.
1047 4543 1078 4554 -·
1112 4518 1155 4568 10.
1174 4521 1204 4568 to
1220 4518 1381 4570 sauciorum
1400 4516 1455 4566 Pa.
1475 4544 1507 4557 -

181 4591 225 4638 90.
249 4603 342 4640 novem
359 4590 403 4639 Pa
422 4590 543 4651 ubique:
571 4589 662 4640 norim
680 4587 734 4637 1111.
756 4610 788 4623 ·-
812 4589 856 4639 91.
876 4593 998 4651 oportere
1014 4588 1148 4652 publicari
1166 4589 1252 4638 PXR:
1279 4588 1411 4650 publicant
1429 4599 1508 4647 opor·

182 4660 284 4711 tereti.
306 4684 336 4697 -
355 4661 399 4710 99.
419 4659 544 4722 Depatsto
564 4658 651 4710 Sebot.
673 4659 749 4708 Voss.
768 4657 804 4708 11.
825 4654 898 4721 (ads
918 4659 1042 4722 nopooro
1060 4664 1098 4710 est
1116 4659 1194 4709 PRR.
1215 4685 1244 4697 -
1265 4660 1309 4708 99.
1327 4655 1424 4716 tomen]
1445 4663 1508 4709 tanc

183 4742 224 4789 pr.
244 4729 264 4779 P
283 4735 309 4780 et
327 4743 366 4790 pr.
388 4730 496 4789 schol..
517 4737 547 4780 ut
566 4727 594 4792 §-
614 4729 675 4779 tot.
694 4730 715 4779 P
734 4741 825 4780 rursus
844 4729 911 4782 mate
932 4737 994 4780 tunc
1008 4741 1059 4792 pro
1079 4735 1176 4781 tomen.
1197 4733 1260 4785 tom.
1280 4735 1367 4779 temen
1385 4726 1461 4777 Voss.
1481 4729 1505 4779 1.

182 4800 258 4849 Letd.
278 4799 340 4862 111.)
353 4823 385 4837 -
403 4799 448 4850 90.
468 4801 497 4849 in
516 4814 597 4850 unum
613 4800 702 4850 PAR:
722 4812 805 4848 unum
822 4801 851 4848 in
864 4800 895 4849 11.
918 4824 945 4836 -
966 4799 1010 4850 dd.
1030 4800 1079 4852 Vr.
1098 4801 1127 4849 td
1144 4825 1155 4836 ·
1172 4822 1184 4834 ·
1201 4798 1327 4850 distinctio
1345 4798 1453 4848 seclusit
1471 4800 1504 4857 E,

183 4870 235 4922 det.
263 4869 412 4922 scrutatus.
433 4871 555 4923 Tueatur
573 4871 657 4923 codd.
678 4881 788 4932 omnes,
808 4873 887 4923 ettam
906 4873 999 4922 nostrt.
1018 4896 1052 4908 -
1070 4870 1151 4922 tonica
1168 4868 1200 4920 P.
