3232 5392
162 207 226 275 378
747 204 897 269 BRUTUS

164 369 313 433 tulerunt.
357 364 418 431 Hic
438 361 579 438 Atticus,
614 363 782 440 Quomodo
804 366 884 429 istuc
905 361 996 440 dicis,
1030 364 1149 448 inquit,
1177 382 1248 428 cnm
1271 371 1326 429 tuo
1350 361 1487 438 iudicio,

162 472 230 526 tum
264 463 425 524 omnium?
460 460 631 542 Semperne
661 457 694 522 in
726 466 852 523 oratore
884 456 1048 544 probando
1080 464 1135 521 ant
1162 454 1374 543 improbando
1405 455 1490 541 rnlgi

161 557 313 621 iudicium
335 574 405 618 cum
426 551 666 637 intelligentium
687 551 804 618 iudicio
827 553 993 636 congruit?
1030 555 1077 616 An
1099 548 1151 615 alii
1172 555 1350 635 probantur
1370 573 1387 617 a
1411 550 1491 616 mul-

161 648 312 723 titudine,
345 647 397 712 alii
427 656 532 711 autem
562 643 602 709 ab
630 645 687 722 iis,
723 649 776 733 qni
800 646 997 731 intelligunt?
1032 648 1127 709 Recte
1154 644 1307 729 requiris,
1340 648 1488 730 inquam,

140 748 279 811 sdttice:
303 743 358 807 sed
380 738 488 804 audies
511 759 550 803 er
572 759 624 803 me
644 738 797 817 fortasse,
821 743 907 827 quod
928 759 993 804 non
1015 758 1124 803 omnes
1145 738 1293 824 probent.
1341 740 1414 804 18t.
1443 744 1491 805 An

162 852 214 917 tu,
238 838 356 925 inquit,
385 836 418 897 id
440 832 584 910 laboras,
615 834 641 897 si
663 835 736 899 huic
758 836 854 899 modo
875 838 972 899 Bruto
994 831 1185 919 probaturus
1207 840 1262 900 est
1297 835 1412 910 Plane,
1443 835 1492 898 in·

162 956 270 1022 quam,
293 931 411 1005 Attice,
434 926 678 1015 disputationem
700 932 780 993 banc
802 931 842 994 de
865 938 991 993 oratore
1013 926 1179 1012 probando
1202 936 1257 994 aut
1276 929 1489 1016 improbando

161 1031 260 1095 multo
289 1024 395 1092 malim
426 1024 484 1088 tibi
514 1031 546 1089 et
573 1027 670 1089 Bruto
699 1023 840 1107 placere;
876 1023 1087 1106 eloquentiam
1117 1031 1223 1088 antem
1246 1044 1350 1089 meam
1371 1021 1491 1109 populo

160 1123 289 1211 probari
311 1118 415 1185 velim.
458 1118 579 1182 Etenim
602 1138 731 1182 necesse
754 1125 819 1195 est,
843 1117 898 1203 qui
921 1122 964 1183 ita
986 1115 1085 1194 dicat,
1108 1126 1144 1182 ut
1165 1118 1401 1186 amultitudine
1414 1138 1491 1205 pro-

123 1237 152 1278 ao
162 1216 272 1292 betur,
306 1215 441 1278 eundem
462 1209 563 1276 doctis
585 1214 725 1297 probari.
767 1217 865 1288 Nam,
900 1210 975 1296 quid
1005 1210 1039 1277 in
1066 1211 1201 1278 dicendo
1229 1222 1351 1279 rectum
1374 1215 1415 1278 sit
1435 1220 1492 1278 ant

161 1329 308 1399 pravum,
339 1327 399 1391 ego
421 1304 586 1381 iudicabo,
614 1308 640 1370 si
663 1311 759 1372 modo
781 1307 917 1383 issum,
941 1304 1050 1390 quiid
1072 1310 1191 1392 possim
1214 1320 1268 1373 eut
1289 1310 1386 1373 sciam
1408 1305 1493 1372 indi·

162 1425 252 1471 care:
288 1400 388 1490 qualis
409 1419 486 1467 vero
508 1401 549 1465 sit
569 1409 695 1478 orator,
728 1401 847 1476 exeo,
880 1403 964 1485 quod
985 1403 1013 1465 is
1042 1398 1175 1467 dicendo
1208 1401 1340 1478 efficiet,
1372 1403 1493 1489 poterit

159 1499 304 1583 intelligi.
349 1498 420 1562 185.
456 1497 528 1560 Tria
556 1503 628 1560 sunt
656 1494 755 1571 enim,
789 1502 825 1558 ut
853 1497 979 1581 quidem
1002 1514 1061 1581 ego
1084 1498 1203 1572 sentio,
1237 1517 1317 1583 qnae
1338 1498 1403 1561 sint
1425 1494 1493 1562 elii-

161 1597 271 1663 cienda
292 1592 445 1658 dicendo:
479 1597 515 1654 ut
537 1592 688 1655 doceatur
709 1592 756 1667 is,
792 1593 875 1672 apud
897 1611 991 1676 quem
1015 1589 1152 1667 dicetur,
1179 1600 1215 1657 ut
1236 1592 1429 1666 delectetur,
1459 1598 1495 1656 ut

124 1707 151 1749 1⁵
161 1698 325 1757 moveatur
345 1685 572 1753 vehementius.
619 1683 742 1764 Quibus
773 1682 942 1750 virtutibus
965 1687 1101 1749 oratoris
1123 1689 1237 1751 horum
1260 1686 1399 1774 quidque
1423 1685 1493 1750 effi-

162 1786 261 1849 ciatur
282 1791 338 1848 aut
358 1780 471 1868 quibus
493 1782 577 1847 vitiis
599 1788 712 1846 orator·
729 1787 784 1844 aut
804 1801 868 1844 non
889 1788 1074 1863 assequatur
1096 1779 1173 1845 haec
1193 1789 1248 1845 ant
1269 1782 1363 1847 etiam
1384 1780 1419 1845 in
1444 1781 1493 1843 his

161 1877 284 1943 labatur
311 1883 343 1941 et
370 1877 472 1952 cadat,
509 1875 624 1941 artilex
655 1873 768 1961 aliquis
789 1870 950 1940 iudicabit.
995 1872 1155 1940 Efficiatur
1175 1884 1279 1941 antem
1301 1881 1342 1941 ab
1365 1881 1494 1940 oratore

162 1992 277 2046 necne,
305 1979 341 2035 ut
363 1970 401 2046 ii,
430 1969 484 2056 qui
505 1967 652 2044 andiunt,
674 1968 718 2035 ita
739 1966 928 2045 affiniantur,
950 1976 986 2033 ut
1007 1978 1117 2034 orator
1138 1970 1231 2046 velit,
1254 1969 1339 2054 vulgi
1363 1989 1494 2034 assensu

163 2075 195 2133 et
214 2063 362 2150 populari
382 2061 611 2149 approbatione
632 2065 765 2128 indicari
788 2063 879 2129 solet.
923 2065 1035 2148 Itaque
1063 2086 1225 2151 nunquam
1250 2064 1398 2130 debono
1421 2082 1496 2127 ora·

124 2171 232 2227 actore
255 2168 393 2225 autnon
415 2156 499 2224 bono
523 2160 624 2222 doctis
637 2155 818 2223 hominibus
831 2178 901 2222 cum
922 2157 1041 2244 populo
1063 2157 1217 2224 dissensio
1238 2158 1307 2225 luit.
1353 2162 1388 2222 L.
1418 2159 1492 2222 188.

163 2259 212 2321 An
231 2273 357 2329 censes,
380 2255 456 2318 dnm
478 2252 525 2318 illi
549 2255 732 2338 riguerunt,
756 2272 835 2339 qnos
857 2258 929 2316 ante
949 2249 1029 2328 diri,
1051 2273 1116 2318 non
1139 2257 1264 2319 eosdem
1282 2255 1399 2337 gradus
1421 2272 1495 2318 ora·

163 2358 267 2415 torum
289 2347 374 2432 vulgi
391 2345 509 2411 iudicio
534 2354 565 2412 et
583 2346 748 2413 doctorum
767 2345 886 2412 luisset
919 2350 965 2410 De
981 2347 1101 2432 populo
1121 2349 1148 2413 si
1170 2369 1263 2434 qnem
1287 2347 1330 2411 ita
1352 2348 1496 2432 rogaris·

163 2466 232 2510 sest
269 2443 367 2520 “Quis
392 2443 492 2506 estin
511 2443 571 2506 hac
593 2442 719 2507 civitate
743 2441 1066 2526 eloquentissimnsl„
1102 2445 1135 2508 in
1158 2445 1295 2510 Antonio
1322 2454 1353 2510 et
1377 2447 1494 2510 Crasso

163 2546 218 2605 aut
241 2534 398 2603 dubitaret
421 2544 475 2600 aut
495 2534 577 2601 bunc
604 2537 699 2610 alius,
734 2535 822 2601 illum
851 2535 930 2601 alius
953 2535 1083 2602 diceret.
1128 2542 1269 2604 Nemone
1291 2536 1494 2623 Philippum,

125 2641 227 2698 astam
242 2650 369 2696 suavem
394 2638 566 2704 oratorem,
589 2637 654 2695 tam
674 2649 821 2716 parem,
851 2638 914 2695 tam
935 2629 1087 2707 facetum,
1109 2635 1158 2699 his
1181 2630 1371 2707 anteferret,
1398 2652 1497 2715 quem

164 2725 383 2808 nosmetipsi,
415 2727 469 2810 qni
491 2727 570 2789 baec
598 2733 664 2790 arte
693 2724 797 2810 aliqua
827 2727 973 2791 volumus
1000 2725 1192 2814 expendere,
1227 2727 1410 2811 proximum
1432 2724 1496 2789 illis

163 2821 259 2888 luisse
280 2818 438 2885 diximus?
460 2824 559 2885 Nemo
580 2818 734 2907 prolecto,
778 2817 814 2884 Id
832 2821 921 2883 enimv
936 2820 1039 2903 ipsum
1060 2829 1107 2885 est
1123 2822 1235 2885 summi
1256 2823 1393 2885 oratoris
1410 2839 1498 2882 sum-

163 2938 251 2984 mum
281 2923 439 2980 oratorem
467 2914 585 3000 populo
612 2913 725 2980 rideri.
773 2913 844 2978 187.
877 2914 984 2990 Quare
1006 2913 1122 2979 tibicen
1146 2913 1350 2998 Antigenidas
1375 2911 1498 2977 dixerit

164 3009 316 3096 discipulo
346 3030 421 3074 sane
448 3006 574 3093 frigenti
604 3011 643 3072 ad
666 3008 838 3093 populum,
874 3008 969 3074 ((Μίὴί
999 3029 1075 3074 cane
1097 3017 1128 3074 et
1154 3009 1295 3089 ursin,
1330 3028 1393 3092 ego
1419 3009 1496 3073 hnic

128 3111 261 3174 aoBrnto
280 3104 411 3180 dicenti,
445 3111 480 3167 ut
500 3103 596 3178 solet,
625 3101 709 3188 apud
728 3104 977 3178 multitudinem,
1011 3103 1107 3168 “Mihi
1131 3122 1208 3168 cane
1231 3110 1262 3167 et
1279 3101 1412 3188 populo,
1451 3103 1496 3165 mi

164 3209 293 3277 Brute,n
330 3199 482 3274 dixerim,
516 3204 566 3275 ut,
600 3199 653 3283 qni
676 3200 820 3274 audient,
849 3197 924 3284 quid
946 3197 1120 3277 efficiatur,
1156 3219 1230 3282 ego,
1262 3200 1356 3263 etiam
1380 3218 1438 3262 cur
1461 3198 1495 3260 id

165 3297 332 3372 efficiatur,
364 3292 545 3376 intelligam.
592 3290 697 3356 Credit
718 3292 774 3369 iis,
809 3313 890 3378 qnae
912 3290 1078 3371 dicuntur,
1113 3295 1167 3380 qni
1196 3295 1284 3357 audit
1312 3301 1494 3369 oratorem,

164 3413 239 3460 vera
261 3396 365 3475 putat,
388 3389 571 3464 assentitur,
594 3383 728 3472 probnt;
751 3383 845 3451 fidem
866 3388 942 3451 iacit
962 3390 1073 3454 oratio.
1121 3390 1192 3454 188.
1218 3394 1265 3454 Τιι
1282 3386 1397 3454 artilex
1417 3384 1497 3472 qnid

166 3485 291 3576 qnaeris
322 3483 478 3569 amplius?
513 3480 692 3546 Delectatur
719 3479 849 3545 audiens
879 3481 1044 3547 multitudo
1075 3491 1107 3548 et
1134 3486 1258 3549 ducitur
1279 3484 1426 3548 oratione
1465 3488 1498 3546 et

129 3584 257 3667 aequasi
277 3578 437 3664 voluptate
456 3579 588 3660 quadam
604 3577 811 3663 perfunditur.
855 3575 939 3653 Quid
957 3576 1053 3642 habes
1074 3581 1159 3662 qnod
1181 3576 1343 3661 disputes?
1369 3578 1497 3643 Gaudet

168 3677 272 3752 dolet,
302 3671 382 3738 ridet
401 3670 522 3757 plorat,
553 3669 637 3736 lavet
656 3668 740 3747 odit,
772 3671 943 3736 contemnit
958 3670 1092 3747 invidet,
1119 3675 1157 3737 ad
1177 3670 1427 3738 misericordiam
1449 3672 1498 3735 in·

168 3771 304 3844 ducitur,
319 3770 359 3832 ad
370 3769 562 3852 pudendum,
578 3769 618 3830 ad
631 3763 820 3850 pigendum3
841 3767 985 3831 irascitur
999 3766 1147 3844 miratur,
1171 3775 1275 3854 sperat
1286 3769 1391 3830 timet:
1416 3768 1497 3828 baec

167 3861 299 3952 perinde
322 3863 482 3938 accidunt,
513 3870 693 3939 uteorum,
726 3860 779 3946 qui
797 3857 927 3936 adsunt,
957 3869 1077 3926 mentes
1097 3859 1202 3927 serbis
1224 3867 1255 3925 et
1275 3858 1440 3925 sententiis
1464 3865 1498 3922 et

168 3958 293 4025 actione
315 3962 495 4021 tractantur.
540 3956 622 4033 Quid
643 3964 706 4031 est,
738 3953 824 4042 quod
844 3964 1042 4040 exspectetur
1061 3958 1147 4022 docti
1164 3955 1295 4021 alicuius
1315 3954 1497 4019 sententiat

131 4083 160 4124 ιι
170 4054 263 4132 Quod
293 4052 376 4115 enim
402 4047 516 4137 probat
537 4048 723 4126 multitudo,
756 4054 817 4114 boo
838 4050 923 4113 idem
945 4050 1046 4114 doctis
1068 4054 1268 4134 probandum
1291 4057 1350 4115 est.
1397 4048 1498 4113 Deni-

171 4170 232 4233 que
264 4150 325 4211 boc
354 4148 512 4231 specimen
541 4152 589 4208 est
617 4144 778 4230 popularis
806 4145 933 4220 iudicii,
970 4145 1003 4209 in
1025 4165 1089 4230 quo
1111 4165 1270 4232 nunquam
1291 4144 1351 4206 suit
1371 4140 1497 4226 populo

171 4263 243 4308 cnm
266 4242 366 4307 doctis
388 4238 698 4325 intelligentibusqne
721 4241 884 4306 dissensio.
931 4240 1001 4303 189.
1027 4241 1105 4304 Cum
1127 4239 1217 4304 multi
1232 4246 1335 4304 essent
1350 4245 1499 4302 oratores

170 4338 203 4401 in
232 4337 320 4401 vario
348 4353 464 4419 genere
494 4332 633 4410 dicendi,
670 4335 740 4417 quis
769 4355 907 4420 unquam
934 4354 974 4397 ex
1002 4334 1052 4397 his
1081 4333 1236 4399 excellere
1263 4330 1421 4397 iudicatus
1451 4338 1501 4397 est

171 4429 257 4515 uulgi
285 4429 418 4508 iudicio,
452 4427 506 4516 qul
534 4449 599 4494 non
626 4426 711 4494 idem
733 4450 752 4494 a
774 4427 874 4494 doctis
902 4432 1124 4516 probareturl
1150 4426 1282 4506 Quando
1309 4433 1416 4492 antem
1439 4429 1501 4495 du·

243 4653 286 4704 15.
308 4652 457 4704 oratoribus
475 4651 588 4704 Emesttt
608 4662 714 4714 operae.
736 4672 764 4686 -
794 4650 837 4701 18.
856 4651 972 4702 audiant
990 4649 1049 4700 ltbri
1068 4655 1168 4702 tantum
1188 4662 1240 4701 non
1259 4661 1362 4711 omnes,
1384 4647 1423 4699 ll:
1452 4662 1501 4700 oo·

174 4724 251 4773 dtont
269 4724 289 4774 Ε
309 4726 396 4782 eant.;
427 4731 519 4786 postea
543 4723 613 4775 tdam
637 4727 770 4783 repertum
796 4729 836 4772 est
859 4725 885 4773 tn
909 4722 955 4786 Lg.
976 4721 1019 4772 20.
1039 4721 1098 4774 Vat.
1124 4747 1155 4758 -
1186 4722 1231 4772 11.
1249 4721 1327 4774 Nemo
1346 4727 1375 4770 ut
1395 4719 1499 4782 Palas,

174 4794 286 4844 Nemone
303 4801 333 4845 ut
352 4795 465 4846 Ernesttt
493 4797 608 4857 suspicio
635 4793 709 4854 prob.
730 4792 883 4844 Hetndordo
907 4796 941 4845 nd
965 4791 1057 4844 Horat
1083 4791 1167 4845 serm.
1188 4794 1220 4848 1,
1241 4795 1272 4851 1,
1293 4791 1353 4842 108.
1375 4790 1430 4842 Clr.
1450 4805 1500 4857 pro

176 4864 262 4916 Sestio
281 4862 310 4929 Q.
330 4865 374 4918 17.
394 4889 426 4901 -
445 4867 488 4918 81.
509 4867 617 4917 audiant
635 4864 711 4926 llbrt,
731 4864 770 4915 R:
790 4865 903 4916 audient
922 4864 942 4914 ll
961 4866 1032 4916 conl.
1052 4888 1083 4902 -
1102 4864 1146 4917 43.
1166 4865 1199 4915 ila
1216 4864 1264 4928 Lg.
1283 4862 1327 4915 58.
1347 4868 1374 4915 et
1392 4862 1426 4914 lt.
