3232 5392
593 208 670 274 ara.
699 209 750 276 rv.
794 210 828 277 c.
852 211 883 275 r.
909 213 938 281 s.
962 213 992 280 o.
1375 292 1378 296 A
1412 217 1453 281 aa

127 369 304 457 pulsassent
326 366 464 453 aliquem
486 376 540 432 aut
566 375 726 455 postremo
754 379 935 447 necassent,
969 373 1110 436 maxima
1139 374 1290 458 supplicia
1317 374 1454 440 maiores

127 474 406 550 consumpserunt;
430 467 502 529 huic
525 464 790 530 truculentissimo
812 488 848 528 ac
870 465 991 532 nefario
1012 465 1143 531 facinori
1166 466 1355 551 singularem
1376 488 1454 553 poe·

126 580 197 626 uam
232 558 438 646 reliquerunt.
493 562 595 645 Atque
619 560 652 625 iu
681 560 750 624 aliis
783 561 945 624 maleficiis
974 559 1012 624 ad
1036 562 1176 643 singulos
1199 569 1253 624 aut
1274 565 1313 625 ad
1335 582 1453 647 paucos

126 675 167 719 cx
188 655 294 718 alieno
316 660 446 739 peccato
468 653 581 718 iniuria
603 657 768 739 pervenit3
792 655 886 719 huius
909 657 1037 719 sceleris
1059 656 1112 740 qui
1135 664 1208 717 sunt
1228 653 1356 730 affines,
1388 676 1452 719 uno

126 750 259 816 consilio
281 750 437 814 universis
461 749 583 818 civibus
605 751 816 814 atrocissimas
839 748 1030 813 calamitates
1050 750 1279 813 machinantur.
1326 746 1475 813 Oleross

125 845 267 912 animosl
300 865 319 907 o
344 845 487 908 crudeles
510 843 737 927 cogitationes!
773 866 792 907 ο
816 842 983 908 derelictos
1005 845 1150 907 homines
1173 846 1212 907 ab
1235 845 1451 908 humanitatcl

126 942 180 1026 qui
202 941 235 1003 id
257 957 350 1022 agere
373 937 441 1002 ausi
463 945 535 1002 sunt
550 946 604 1001 aut
617 940 755 1022 cogitare
770 945 960 1023 potuerunt,
984 958 1047 1019 quo
1061 946 1154 1023 pacto
1170 938 1297 1014 hostes,
1321 937 1454 1002 revulsis

125 1037 282 1100 maiorum
303 1031 498 1116 sepulchris,
529 1031 659 1096 deiectis
681 1033 861 1106 moenibus,
894 1039 1024 1096 ovantes
1045 1033 1201 1095 irruerent
1221 1030 1253 1095 in
1276 1034 1451 1109 civitatem3

125 1148 190 1217 quo
212 1130 307 1193 modo
331 1130 425 1192 deum
448 1128 571 1211 templis
592 1128 752 1211 spoliatis,
782 1128 985 1211 optimatibus
1007 1129 1189 1203 trucidatis,
1224 1127 1293 1193 aliis
1314 1130 1453 1214 abreptis

125 1226 158 1287 in
181 1224 384 1295 servitutem,
419 1218 705 1284 matribuslamilias
727 1229 758 1286 et
779 1223 923 1304 ingenuis
947 1219 1005 1284 sub
1027 1221 1171 1286 hostilem
1194 1221 1356 1287 libidinem
1380 1225 1491 1287 sub-m

126 1318 237 1392 iectis,
260 1317 337 1378 urbs
358 1315 562 1378 acerbissimo
584 1316 731 1379 concidat
751 1313 895 1378 incendio
913 1317 1120 1397 conflagrata3
1146 1318 1199 1400 qui
1215 1339 1249 1382 sc
1263 1337 1328 1382 non
1343 1325 1454 1403 putant

126 1415 177 1487 id,
212 1412 299 1496 quod
320 1409 494 1480 volueriut,
532 1410 573 1471 ad
602 1407 721 1471 exitum
752 1409 960 1494 perduxisse,
997 1411 1058 1473 nisi
1088 1410 1301 1476 sanctissimae
1332 1415 1453 1496 patriae

126 1506 337 1571 miserandum
367 1501 510 1566 scelerati
539 1503 677 1566 viderint
699 1505 845 1568 cinerem.
888 1507 1020 1588 Nequeo
1043 1505 1149 1568 verbis
1170 1505 1341 1590 consequi,
1370 1505 1454 1570 iudi·

127 1623 198 1676 ces,
233 1600 449 1681 indignitatem
483 1595 553 1673 rei;
590 1601 645 1661 sed
679 1599 888 1682 negligentius
920 1596 952 1661 id
982 1596 1069 1671 sero,
1103 1597 1176 1684 qnia
1207 1618 1263 1663 vos
1294 1600 1357 1664 mei
1388 1622 1452 1664 non

127 1695 235 1780 egetis.
278 1695 389 1758 Vester
410 1692 493 1755 enim
516 1711 573 1756 vos
596 1690 717 1756 animus
738 1691 969 1757 amantissimus
991 1692 1039 1756 rei
1059 1693 1205 1778 publicae
1221 1692 1311 1758 lacile
1326 1698 1450 1771 edocet,
1463 1714 1489 1753 1⁵

126 1801 162 1857 ut
183 1803 278 1863 eum,
303 1785 356 1872 qui
378 1784 521 1849 fortunas
543 1788 683 1849 omnium
706 1786 841 1851 voluerit
863 1791 1018 1868 prodere,
1043 1786 1245 1871 praecipitem
1260 1794 1453 1872 proturbetis

127 1909 167 1951 ex
199 1905 237 1949 ea
271 1881 416 1956 civitate,
450 1899 543 1967 quam
573 1882 631 1945 iste
660 1878 798 1946 hostium
831 1880 1107 1964 spurcissimorum
1139 1883 1301 1946 dominatu
1332 1882 1454 1949 nelario

127 1977 263 2045 voluerit
284 1979 432 2040 obruere.

211 2072 266 2136 1x.
291 2073 340 2134 13.
362 2072 397 2132 ln
419 2066 573 2133 mediocri
594 2065 693 2152 ligura
714 2069 893 2134 versabitur
914 2071 1034 2145 oratio,
1059 2071 1084 2133 si
1107 2072 1202 2145 haec,
1227 2080 1262 2135 ut
1284 2081 1357 2138 ante
1374 2076 1451 2150 dixi,

127 2166 354 2254 aliquantulum
376 2162 593 2228 demiserimus
616 2185 719 2245 neque
741 2171 845 2228 tamen
867 2167 908 2228 ad
930 2163 1071 2229 infimum
1093 2169 1365 2240 descenderimus,
1388 2170 1491 2231 sicma

128 2264 322 2341 Quibuscum
343 2257 461 2322 bellum
485 2256 640 2336 gerimus,
665 2259 800 2334 iudices,
825 2259 957 2338 videtis3
982 2283 1053 2323 cnm
1076 2262 1191 2337 sociis,
1216 2265 1270 2347 qni
1285 2282 1344 2346 pro
1360 2265 1453 2326 nobis

127 2378 267 2441 pugnare
289 2362 320 2417 ct
340 2353 508 2438 imperium
529 2358 669 2416 nostrum
692 2351 858 2417 nobiscum
888 2355 981 2419 simul
1009 2355 1123 2420 virtute
1151 2362 1182 2419 et
1203 2355 1357 2421 industria
1379 2379 1454 2422 con·

127 2472 252 2516 servare
275 2448 359 2513 soliti
382 2454 464 2511 sunt.
510 2445 552 2509 Hi
576 2466 646 2509 cum
669 2468 702 2510 se
725 2456 756 2511 et
771 2469 848 2533 opes
862 2471 934 2513 suas
950 2459 982 2513 ot
996 2451 1118 2535 copiam
1133 2452 1311 2515 necessario
1327 2453 1449 2525 norint,

127 2555 191 2608 tum
215 2564 291 2607 vero
315 2541 413 2605 nihilo
437 2542 540 2604 minus
561 2548 690 2625 propter
710 2544 977 2628 propinquitatem
1004 2550 1035 2606 et
1056 2546 1198 2608 omnium
1220 2565 1327 2608 rerum
1351 2544 1452 2608 socie-

127 2648 242 2710 tatem,
265 2638 342 2720 quid
365 2637 396 2698 in
419 2632 565 2698 omnibus
588 2638 683 2697 rebus
705 2635 841 2720 populus
863 2639 1022 2701 Romanus
1043 2647 1171 2722 posset,
1196 2641 1277 2703 scire
1299 2647 1331 2702 et
1346 2642 1490 2704 existi-2⁵

126 2754 211 2797 mare
233 2739 390 2818 poterant.
435 2728 495 2804 Hi,
520 2749 590 2791 cum
613 2731 841 2793 deliberassent
855 2734 1019 2795 nobiscum
1035 2729 1151 2796 bellum
1167 2753 1295 2816 gerere,
1320 2754 1450 2818 quaeso,

125 2847 206 2913 quae
229 2845 280 2889 rcs
302 2832 385 2898 erat,
410 2843 471 2908 qua
493 2820 564 2886 freti
587 2822 706 2886 bellum
729 2825 887 2908 suscipere
905 2836 1112 2900 conarentur,
1138 2847 1208 2890 cum
1232 2828 1330 2890 multo
1352 2829 1453 2890 masi-

126 2942 208 2984 mam
240 2928 361 3004 partem
394 2921 552 2981 sociorum
579 2916 613 2981 in
646 2915 751 2981 officio
780 2939 906 2982 manere
935 2918 1167 3003 intelligerent?
1199 2938 1270 2983 cum
1299 2918 1358 2983 sibi
1387 2941 1452 2983 non

125 3010 356 3079 multitudinem
377 3013 534 3085 militum,
569 3031 634 3074 non
656 3011 788 3075 idoneos
810 3013 1036 3098 imperatores,
1068 3033 1133 3075 non
1155 3014 1320 3096 pecuniam
1348 3012 1453 3100 publi·

126 3131 194 3174 cam
217 3116 343 3193 praesto
368 3125 437 3168 esse
459 3105 628 3167 viderent?
650 3125 714 3168 non
736 3108 872 3191 denique
894 3106 990 3170 ullam
1013 3128 1100 3182 rem,
1125 3128 1206 3193 qnae
1229 3129 1279 3171 res
1297 3111 1453 3192 pertineat
1462 3126 1489 3166 aa

125 3203 164 3268 ad
187 3202 304 3267 bellum
327 3199 630 3263 administrandum?
654 3198 686 3260 Si
710 3218 781 3260 cnm
802 3197 941 3262 finitimis
963 3202 1002 3264 de
1024 3198 1139 3264 tinibus
1162 3201 1278 3265 bellum
1293 3211 1449 3285 gererent,

125 3299 152 3362 si
174 3306 274 3386 totum
297 3303 456 3358 certamen
483 3295 515 3356 in
549 3312 614 3357 uno
646 3292 768 3378 proelio
800 3296 937 3376 positum
971 3303 1135 3377 putarent,
1172 3305 1274 3361 tamen
1306 3293 1452 3360 omnibus

126 3394 221 3456 rebus
243 3391 460 3453 instructiores
482 3396 514 3451 et
535 3388 749 3472 apparatiores
763 3392 925 3466 venireut3
951 3393 1064 3453 nedum
1087 3392 1165 3454 illud
1180 3391 1348 3475 imperium
1365 3393 1452 3455 orbis

126 3496 252 3560 terrae,
286 3483 336 3548 cui
358 3484 491 3569 imperio
515 3503 626 3545 omnes
649 3490 776 3566 gentes,
811 3504 923 3567 reges,
957 3485 1100 3549 nationes
1122 3485 1238 3567 partim
1260 3487 1305 3559 vi,
1339 3487 1452 3570 partim

126 3584 285 3646 voluntate
309 3586 553 3652 concesserunt,
578 3598 649 3641 cum
671 3584 725 3640 aut
746 3578 840 3641 armis
862 3586 915 3641 aut
936 3576 1122 3642 liberalitate
1142 3581 1293 3664 apopulo
1308 3584 1488 3644 Romanoas

126 3677 265 3758 superati
288 3681 413 3746 essent,
447 3674 486 3734 ad
517 3694 550 3734 se
574 3669 741 3736 transferre
765 3672 891 3733 tantulis
913 3672 1033 3735 viribus
1056 3681 1256 3736 conarentur.
1313 3675 1452 3750 Quaeret

126 3772 260 3855 aliquis:
297 3766 402 3845 Quid‘l
435 3765 608 3850 Fregellani
630 3785 693 3829 non
716 3785 772 3828 sua
794 3773 905 3849 sponte
928 3767 1032 3828 conati
1055 3772 1148 3831 sunt‘t
1181 3769 1228 3831 Eo
1250 3766 1377 3852 quidem
1400 3767 1450 3831 isti

126 3865 228 3928 minus
250 3861 342 3926 facile
365 3869 572 3933 conarentur,
608 3856 693 3943 quod
721 3857 765 3922 illi
796 3861 1061 3942 quemadmodum
1093 3861 1329 3937 discessissent,
1364 3864 1452 3926 vide·

195 4025 222 4075 3.
242 4024 404 4086 reliquerunt
422 4021 440 4070 li
460 4017 565 4081 (idest,
593 4019 722 4080 «posterla
742 4032 799 4068 esm
819 4021 1017 4084 excogitandam
1035 4020 1197 4084 siverunt-h
1216 4038 1270 4074 uon
1288 4025 1449 4089 reliquerunt

126 4109 186 4146 eum
208 4097 304 4146 ceteris
324 4092 434 4142 librisli
461 4091 517 4152 (sed
547 4090 589 4139 bte
616 4104 671 4138 mm
695 4090 877 4151 reliquerunt?
908 4106 968 4142 eum
995 4097 1120 4157 interrog.
1147 4097 1237 4156 siguo,
1268 4095 1345 4144 aliter
1369 4102 1450 4154 atque

126 4166 273 4225 ceterui-
295 4165 376 4227 Atqui
395 4160 448 4211 Eri.
470 4162 500 4210 Ι..
527 4185 558 4196 -
578 4159 604 4208 7.
635 4162 679 4223 qui
695 4160 724 4208 id
742 4160 844 4210 eornl'
863 4167 889 4211 et
907 4164 971 4213 Bru.
987 4161 1075 4212 Ceteri
1091 4164 1165 4228 quid.
1182 4189 1210 4201 -
1228 4164 1449 4226 possumPtrFT.

128 4240 221 4289 -11.
242 4236 274 4285 V.
296 4233 466 4300 ecnpepresa
484 4233 540 4280 sine
560 4242 637 4279 causa
657 4231 763 4280 seclusit
783 4231 816 4280 Ε.
843 4256 874 4267 -
903 4235 947 4284 15.
966 4234 1090 4297 indigeste
1109 4235 1130 4283 Τ
1149 4233 1221 4284 solu,
1241 4249 1271 4285 ω
1291 4238 1396 4285 noum,
1418 4259 1450 4270 ..

127 4309 170 4358 l'l.
190 4309 303 4358 bostium
321 4305 549 4366 spurcissimorum
568 4300 658 4350 PBRT
677 4309 703 4351 et
723 4314 789 4350 corr.
804 4301 839 4351 F:
860 4305 1090 4366 spurcissimorum
1109 4305 1220 4353 bostium
1231 4304 1293 4364 ΑΕ,
1311 4307 1451 4368 spurcius.

124 4392 228 4430 morum
247 4375 310 4441 (om.
330 4373 452 4433 bostium)
472 4384 511 4433 pr.
525 4371 554 4420 F.
575 4396 608 4406 -
633 4371 676 4420 18.
696 4372 779 4420 uoluit
797 4370 872 4422 Pru.
894 4399 925 4410 -
949 4375 994 4423 23.
1014 4374 1062 4424 Vr.
1082 4376 1117 4425 Et
1135 4378 1238 4436 copiam
1256 4376 1307 4425 del.
1327 4376 1451 4427 censebat

127 4449 189 4500 lien.
207 4450 246 4500 sel
265 4449 314 4509 leg.
329 4451 353 4494 et
371 4447 477 4504 copiam
497 4449 524 4491 st
541 4455 603 4492 reso
623 4442 673 4491 boc
691 4439 813 4504 (mttttum
833 4442 985 4506 numerum)
1005 4448 1089 4504 ipsum
1107 4447 1236 4508 significat
1255 4450 1333 4496 ettsm
1352 4449 1447 4510 singul.

126 4545 158 4556 -
177 4520 327 4568 necessario
346 4514 470 4564 PbBl'T:
489 4513 698 4562 necessariorum
711 4514 767 4563 RE.
782 4538 813 4548 -
832 4522 933 4564 morunt
951 4514 1071 4564 PABFT.
1087 4541 1116 4552 -
1135 4516 1179 4564 28.
1197 4521 1300 4577 purtem
1317 4519 1450 4568 sectorum

125 4590 257 4641 PthT:
276 4589 407 4638 socierum
424 4589 528 4646 partem
546 4585 564 4631 F
568 4583 598 4631 Ε.
618 4606 649 4616 -
675 4583 719 4632 30.
738 4597 806 4647 quae
824 4598 866 4635 res
882 4585 1009 4634 Parus:
1030 4597 1098 4647 quae
1117 4590 1180 4638 tom.
1197 4583 1247 4646 res)
1267 4588 1319 4637 ΒΕ.
1341 4614 1373 4624 -
1390 4602 1450 4650 μη.

126 4663 208 4711 tiueat
227 4659 274 4709 ult
294 4663 320 4708 ct
339 4670 406 4707 corr.
421 4659 458 4703 b:
476 4655 588 4715 pertinet
607 4653 671 4701 PFT
690 4659 717 4702 et
735 4668 774 4715 pr.
795 4655 833 4713 A,
850 4658 992 4719 pertineret
1011 4655 1042 4704 Ε.
1063 4658 1132 4704 cont.
1161 4681 1192 4692 -·
1225 4656 1268 4706 33.
1290 4665 1313 4707 et
1332 4672 1449 4722 apparu-

126 4734 205 4781 tiores
224 4730 333 4781 Pauus
354 4733 378 4775 et
394 4727 544 4790 paratiores
564 4723 621 4782 FT,
641 4728 843 4785 separatiores
861 4726 890 4777 Ε.
912 4752 941 4762 -
962 4727 1006 4775 35.
1025 4733 1204 4776 comesurum
1219 4726 1295 4779 Voss.
1310 4736 1369 4778 tert.
1381 4729 1446 4780 Ccd.

127 4802 252 4855 Satiridt.
275 4799 344 4852 Crat.
365 4798 401 4855 L,
422 4797 500 4845 Sub:
520 4800 705 4844 consenserunt
723 4795 889 4846 esurum
904 4820 935 4832 -
954 4796 998 4846 ³¹1.
1017 4796 1063 4844 isti
1079 4798 1163 4847 missus
1181 4796 1285 4851 Phil:
1305 4801 1392 4851 miuus
1404 4800 1449 4851 isti

127 4872 182 4925 ltu.
204 4899 234 4911 -
254 4871 299 4922 38.
318 4870 456 4921 descissent
476 4865 602 4933 PABFR,
622 4865 745 4916 desisseut
763 4866 795 4923 T.
833 4866 952 4921 Corrextt
969 4867 1113 4926 Ernestlus.
