3232 5392
166 196 230 265 ido
745 192 908 258 ORATOR

164 364 247 433 tres,
283 372 432 422 uumerus
454 373 472 419 a
493 347 695 438 quibusdam,
731 370 795 417 non
824 372 882 436 pes
907 347 1051 415 habetur.
1093 349 1149 415 list
1170 347 1315 434 quidem,
1350 357 1388 416 ut
1409 347 1494 416 inter

165 471 275 517 omnes
290 456 412 515 constat
424 445 587 530 antiquos,
609 445 824 522 Aristotelem,
848 446 1118 531 Theophrastum,
1137 446 1365 516 Theodectem,
1381 445 1491 530 Epho-

164 566 255 622 rum,
283 564 365 609 nnus
386 542 563 628 aptissimus
584 542 720 606 orationi
743 543 792 605 vel
814 538 929 606 orienti
951 537 1002 604 vel
1023 536 1159 617 mediae;
1194 545 1305 624 putant
1325 537 1370 603 illi
1392 538 1489 603 etiam

165 639 303 712 cadenti,
327 658 389 722 quo
412 638 483 700 loco
505 631 581 698 mihi
603 633 726 700 videtur
747 635 851 717 aptior
867 632 1012 698 creticus.
1056 629 1227 698 Dochmius
1241 640 1346 698 autem
1363 652 1381 697 e
1397 632 1491 717 quin-

143 753 227 819 sque
249 729 392 817 syllabis,
414 727 519 802 brevi,
543 730 664 794 duabus
686 728 806 812 longis,
830 729 938 804 brevi,
961 726 1073 812 longa,
1095 735 1132 791 ut
1153 734 1202 792 est
1222 727 1302 805 hoc,
1330 730 1492 792 Amicos

165 837 295 902 tenes,
328 823 439 909 quovis
460 821 531 888 loco
553 831 644 906 aptos
666 832 727 899 est,
763 826 837 887 dum
859 820 956 887 semel
977 831 1129 906 ponatur:
1166 826 1295 888 iteratus
1316 829 1372 887 aut
1393 823 1493 888 conti-

163 928 276 986 nuatus
298 939 463 984 numerum
484 926 630 1001 apertum
645 926 676 982 et
690 917 782 982 nimis
795 915 949 1000 insignem
971 915 1055 983 facit.
1100 916 1196 983 bxv.
1220 919 1293 981 219.
1315 919 1373 981 llis
1393 917 1493 1000 igitur

163 1024 211 1081 tot
232 1011 526 1081 commutationibus
548 1020 675 1096 tamque
696 1011 791 1077 variis
813 1013 840 1076 si
861 1020 1002 1086 utemur,
1032 1030 1092 1077 nec
1114 1013 1369 1095 deprehendetur
1390 1010 1492 1075 mani-

164 1110 262 1186 festo,
301 1104 377 1192 quid
398 1128 416 1171 a
437 1107 529 1172 nobis
551 1109 591 1170 de
612 1104 764 1172 industria
789 1104 857 1182 fiat,
894 1113 927 1171 et
955 1112 1142 1170 occurretur
1162 1107 1309 1170 satietati.
1353 1107 1395 1170 Et
1417 1103 1493 1192 quia

127 1225 228 1272 aonon
249 1221 381 1267 numero
403 1199 505 1266 solum
530 1221 699 1266 numerosa
728 1200 848 1277 oratio,
882 1201 940 1264 sed
961 1207 993 1265 et
1013 1199 1243 1286 compositione
1263 1196 1300 1265 fit
1318 1207 1354 1265 et
1372 1218 1491 1285 genere

164 1331 206 1349 -
215 1295 299 1383 quod
314 1296 518 1361 antedictum
533 1297 636 1359 est-
651 1293 882 1369 concinnitatis,
897 1291 1125 1380 compositione
1139 1302 1243 1376 potest
1255 1293 1406 1378 intelligi,
1417 1313 1492 1360 eam

162 1393 205 1459 ita
226 1398 342 1456 structa
363 1392 460 1456 rerba
480 1395 568 1465 sunt,
590 1396 625 1454 ut
645 1407 793 1453 numerus
814 1407 879 1477 non
901 1386 1079 1472 quaesitus,
1105 1386 1162 1454 sed
1182 1389 1252 1474 ipse
1273 1397 1399 1455 secutus
1421 1408 1491 1455 esse

162 1485 323 1562 videatur,
357 1484 496 1569 utapud
520 1483 682 1547 Crassum:
721 1484 814 1546 Nam
840 1481 909 1546 nbi
934 1483 1076 1547 lubido
1099 1481 1342 1561 dominatur,
1375 1483 1493 1548 inno·

163 1581 319 1649 cantiae
347 1579 434 1643 levo
462 1575 713 1666 praesidium
737 1584 808 1641 est.
853 1572 940 1642 Ordo
962 1574 1046 1641 enim
1068 1578 1242 1642 verborum
1264 1575 1361 1642 efficit
1380 1596 1492 1643 nume·

124 1696 153 1742 ιι
163 1695 235 1741 rurn
256 1671 324 1739 sine
345 1670 410 1737 ulla
431 1676 543 1755 aperta
561 1668 697 1736 oratoris
710 1668 873 1735 industria.
916 1671 1023 1757 ltaque
1038 1671 1065 1735 si
1080 1691 1162 1756 quae
1176 1680 1299 1736 veteres
1313 1670 1358 1736 illi
1373 1706 1416 1719 -
1428 1672 1492 1736 lle-

163 1770 312 1835 rodotum
335 1766 406 1831 dico
427 1773 460 1829 et
474 1763 688 1853 Thucydidem
703 1773 864 1850 totamque
884 1784 952 1829 eam
969 1772 1101 1830 aetatem
1115 1773 1243 1852 -apte
1257 1785 1492 1852 numeroseque

164 1862 328 1937 dixerunt,
363 1878 400 1925 ea
426 1879 492 1925 non
517 1879 650 1924 numero
672 1861 835 1945 quaesito,
869 1860 925 1923 sed
945 1855 1116 1925 verborum
1138 1859 1344 1927 collocatione
1366 1859 1493 1926 cecide·

162 1966 246 2023 runt.
288 1958 361 2021 aab.
381 1956 514 2018 Formae
535 1973 613 2021 vero
635 1951 788 2039 quaedam
810 1960 883 2017 sunt
912 1951 1080 2029 orationis,
1113 1954 1145 2017 in
1168 1955 1282 2041 quibus
1304 1975 1341 2022 ea
1363 1956 1493 2021 concin-

163 2053 243 2116 nitas
275 2057 338 2125 est,
371 2054 407 2112 ut
436 2056 585 2132 sequatur
616 2068 767 2113 numerus
797 2048 985 2112 necessario.
1032 2048 1111 2113 Nam
1141 2067 1213 2113 cum
1244 2057 1299 2114 aut
1329 2071 1389 2134 par
1420 2047 1492 2133 pari

126 2147 301 2213 rorefertur
329 2147 384 2207 aut
413 2143 607 2208 contrarium
638 2142 796 2208 contrario
826 2141 996 2228 opponitur
1022 2150 1076 2207 aut
1102 2162 1183 2226 quae
1209 2143 1354 2210 similiter
1376 2147 1493 2210 cadunt

164 2243 262 2307 verba
282 2235 388 2304 verbis
409 2245 648 2322 comparantur,
682 2235 834 2322 quidquid
856 2237 901 2301 ita
922 2236 1134 2310 concluditur,
1166 2236 1353 2324 plerumque
1376 2236 1426 2313 fit,
1459 2245 1493 2303 ut

164 2354 334 2402 numerose
355 2328 455 2396 cadat.
501 2332 573 2408 Quo
596 2333 635 2395 de
657 2349 774 2413 genere
795 2349 866 2395 curn
888 2329 1039 2416 exemplis
1061 2350 1154 2416 supra
1176 2331 1332 2408 diximus,
1357 2342 1393 2399 nt
1413 2336 1493 2415 baec

165 2449 293 2516 quoque
326 2426 418 2510 copia
450 2423 628 2489 facultatem
661 2422 773 2490 afferat
800 2445 866 2489 non
896 2444 1020 2510 semper
1045 2424 1157 2491 codem
1187 2426 1281 2491 modo
1312 2426 1489 2493 desinendi.

165 2527 230 2589 Nec
250 2531 355 2589 umen
376 2524 452 2585 baec
473 2520 516 2582 ita
539 2526 611 2582 sunt
632 2527 698 2584 arta
719 2527 751 2583 et
772 2517 915 2595 astricta,
950 2528 985 2583 ut
1011 2538 1064 2594 ca,
1098 2539 1169 2584 cum
1197 2519 1345 2596 velimus,
1381 2523 1491 2586 laxare

12 2598 16 2605 ”
128 2649 156 2694 ,r
165 2637 371 2704 nequeamus.
415 2613 546 2680 Multum
568 2615 713 2686 interest,
742 2620 849 2678 utrum
871 2633 1038 2679 numerosa
1059 2614 1117 2689 sit,
1149 2611 1270 2691 idest,
1303 2615 1413 2683 similis
1434 2637 1492 2682 nu-

165 2732 345 2785 merorum,
374 2706 526 2794 anplane
547 2707 727 2794 enumeris
748 2714 869 2770 constet
892 2706 1005 2774 oratio.
1048 2709 1189 2774 Alterum
1211 2711 1238 2774 si
1258 2708 1310 2788 fit,
1340 2710 1491 2776 intolera-

165 2808 230 2873 bile
251 2803 361 2870 vitium
383 2810 447 2879 est;
470 2800 603 2866 alterum
617 2799 677 2866 nisi
691 2798 746 2878 fit,
771 2801 921 2885 dissipata
942 2810 974 2866 ct
993 2800 1109 2867 inculta
1130 2811 1162 2868 et
1182 2806 1282 2870 fluens
1305 2813 1353 2870 est
1375 2805 1487 2871 oratio.

248 2900 359 2964 val.
382 2899 456 2961 ιιι.
488 2894 550 2961 Sed
573 2894 720 2981 quoniam
743 2915 808 2960 non
830 2893 924 2960 modo
946 2915 1010 2960 non
1031 2896 1230 2981 frequenter,
1263 2919 1373 2965 verum
1396 2899 1490 2964 etiam

163 3014 240 3060 raro
259 2991 293 3058 in
314 2992 397 3056 veris
418 2989 519 3057 causis
540 3000 593 3056 aut
613 2987 794 3055 forensibus
816 2992 1047 3076 circumscripte
1069 3012 1299 3078 numeroseque
1321 2995 1491 3059 dicendum

128 3097 228 3166 west,
244 3084 334 3170 sequi
348 3085 488 3162 videtur,
504 3093 540 3149 ut
552 3086 724 3162 videamus,
741 3104 821 3169 quae
836 3083 899 3150 sint
910 3083 979 3159 illa,
996 3106 1075 3171 quae
1093 3086 1266 3173 supradixi
1281 3087 1394 3164 incisa,
1410 3107 1490 3174 quae

165 3179 317 3247 membra.
363 3181 449 3243 llaec
469 3181 552 3243 enim
574 3182 606 3243 in
627 3177 710 3243 veris
733 3179 836 3244 causis
850 3178 1015 3244 maximam
1031 3189 1152 3265 partem
1166 3181 1318 3247 orationis
1333 3183 1487 3248 obtinent.

166 3281 293 3345 Constat
323 3275 405 3339 enim
432 3271 485 3338 ille
505 3270 639 3337 ambitus
661 3281 692 3337 et
714 3271 807 3359 plena
827 3275 1068 3359 comprehensio
1091 3298 1110 3339 e
1131 3286 1281 3363 quattuor
1301 3275 1370 3343 fere
1390 3277 1487 3364 parti-

166 3374 243 3445 bus,
267 3389 347 3460 quac
369 3370 510 3432 membra
533 3366 682 3442 dicimus,
704 3375 786 3432 utet
802 3368 896 3432 aures
917 3366 1045 3454 impleat
1066 3378 1098 3434 et
1118 3390 1158 3436 ne
1181 3373 1311 3437 brevior
1331 3373 1373 3437 sit
1395 3392 1489 3458 qnam

166 3465 240 3528 satis
269 3461 310 3527 sit
337 3482 440 3548 neque
466 3463 601 3545 longior.
645 3463 843 3545 Quamquam
870 3469 1038 3550 utrumque
1066 3484 1291 3549 nonnunquam
1312 3466 1364 3533 vel
1385 3468 1489 3553 potius

129 3587 158 3633 ,a
168 3574 263 3639 saepe
291 3554 423 3633 accidit,
456 3563 492 3620 ut
519 3563 572 3620 out
599 3554 689 3620 citius
716 3553 923 3621 insistendum
951 3557 991 3621 sit
1016 3568 1069 3623 aut
1091 3557 1214 3643 longius
1234 3558 1486 3646 procedendum,

167 3672 207 3716 ne
236 3647 374 3714 brevitas
404 3650 604 3739 defraudasse
631 3668 725 3714 aures
754 3646 899 3716 videatur
919 3670 999 3716 neve
1020 3651 1183 3736 longitudo
1206 3654 1381 3719 obtudisse.
1427 3644 1490 3720 scd

165 3746 270 3821 habco
291 3744 513 3808 mediocritatis
534 3744 706 3821 rationem;
734 3762 792 3806 nec
814 3745 898 3810 cnim
918 3744 1034 3833 loquor
1055 3745 1094 3812 de
1116 3767 1211 3814 versu
1233 3756 1265 3814 et
1286 3758 1335 3815 est
1354 3747 1488 3816 liberior

167 3839 327 3925 aliquanto
360 3838 472 3903 oratio.
516 3839 588 3900 222.
620 3841 645 3902 E
674 3845 821 3922 quattuor
850 3838 948 3923 igitur
979 3842 1067 3927 quasi
1100 3843 1358 3908 hexametrorum
1390 3844 1490 3909 instar

167 3954 316 3999 versuum
339 3933 424 4016 quod
445 3931 499 4007 sit,
527 3936 648 3995 constat
667 3928 735 3996 fero
756 3930 850 4015 plena
871 3935 1120 4021 comprehensio.
1161 3940 1219 4001 His
1240 3936 1336 4023 igitur
1358 3934 1488 4022 singulis

131 4029 312 4103 reversibus
334 4029 423 4110 quasi
447 4023 523 4089 nodi
551 4033 703 4110 apparent
731 4027 992 4108 continuationis,
1029 4051 1107 4116 quos
1129 4031 1162 4097 in
1185 4029 1304 4096 ambitu
1326 4031 1488 4117 coniungi·

168 4145 249 4189 mus.
296 4119 350 4185 Sin
371 4121 568 4185 membratim
590 4118 734 4186 volumus
756 4119 881 4200 dicere,
904 4123 1090 4199 insistimus,
1113 4124 1208 4210 idque
1230 4147 1301 4191 cum
1324 4148 1405 4211 opus
1428 4135 1486 4205 est,

168 4217 208 4285 ab
233 4218 293 4283 isto
320 4237 414 4281 cursu
440 4212 596 4279 invidioso
623 4213 714 4279 facile
741 4236 799 4282 nos
824 4226 856 4282 et
875 4237 971 4301 saepe
991 4218 1194 4304 diiungimus.
1241 4219 1303 4287 Sed
1324 4221 1402 4287 nihil
1425 4229 1488 4288 tam

168 4311 265 4378 debet
284 4331 352 4377 esse
373 4328 576 4375 numerosum
598 4328 693 4394 qoam
714 4310 791 4388 hoc,
825 4311 911 4398 quod
931 4312 1061 4380 minime
1081 4321 1215 4400 apparet
1235 4324 1266 4381 et
1286 4316 1372 4383 valet
1391 4317 1489 4405 pluri·

167 4426 265 4473 mum.
307 4409 357 4471 Ex
377 4407 438 4470 hoe
458 4421 574 4488 genere
595 4401 673 4470 illud
695 4413 742 4470 cst
770 4407 890 4472 Crassi:
927 4407 1071 4475 Missos
1101 4407 1252 4475 faciant
1279 4419 1485 4497 patronos:

237 4634 264 4688 5.
284 4635 332 4686 boc
349 4639 387 4687 ιιι
405 4635 478 4686 Illos.
500 4658 528 4670 -
560 4633 604 4685 tt.
629 4630 695 4697 eom]
723 4634 798 4686 tltom
816 4635 907 4689 hamb.
929 4663 958 4679 -
990 4575 1034 4692 tl.
1054 4637 1269 4694 costnontlu.
1289 4641 1316 4691 ι.
1336 4640 1485 4696 lla-1⁹.

170 4712 207 4760 ιιι
224 4707 277 4757 vu.
298 4706 368 4758 unns.
389 4707 435 4758 Dr·
453 4706 528 4758 hicn.
549 4704 600 4756 Gu.
621 4708 647 4755 1.
667 4705 693 4757 2.
712 4705 755 4758 nr
774 4710 843 4758 tuest
861 4709 892 4760 E.
913 4734 945 4747 -
963 4709 1008 4760 ab.
1027 4717 1089 4761 orto
1108 4710 1160 4763 vu.
1175 4711 1269 4765 utne:
1290 4720 1369 4764 creto
1382 4713 1439 4765 llll.
1453 4737 1485 4752 -

169 4776 357 4914 ?3„9?J,2vg,⁰
378 4801 407 4814 —
426 4780 471 4830 tl.
489 4775 612 4828 notamus
629 4773 720 4827 hamb.
739 4802 772 4815 -
801 4778 846 4829 di.
865 4780 1031 4846 ditonpimos
1047 4781 1121 4836 ltine.
1140 4781 1189 4834 Dr.
1209 4783 1260 4836 Cu·
1281 4785 1306 4836 ι.
1325 4785 1353 4836 2.
1372 4785 1416 4837 u:
1433 4785 1485 4838 dia·
