3232 5392
201 190 264 257 stt
787 191 939 256 BRUTUS

199 350 360 419 orationes
382 357 455 416 sunt
469 358 501 414 et
518 349 699 415 redolentes
718 347 818 434 magis
837 349 1057 436 antiquitatem
1077 370 1171 437 ιιιιιιιι
1190 359 1246 418 ιιι
1259 350 1359 418 Laelii
1379 359 1436 417 aut
1459 352 1525 416 Sci-

197 446 301 535 pionis
322 456 376 512 aut
394 446 486 509 etiam
504 442 602 528 ipsius
621 443 765 522 Catonis;
786 443 894 531 itaque
910 454 1120 522 exaruerunt,
1144 447 1198 511 vix
1212 444 1273 511 iam
1286 455 1323 513 nt
1336 455 1524 533 appareant.

283 543 335 605 83.
358 543 405 603 Ile
426 539 525 621 ipsius
546 537 645 602 Laelii
667 545 700 601 et
722 538 875 620 Scipionis
896 537 1024 622 ingenio
1046 559 1234 626 quamquam
1257 561 1295 606 ea
1317 541 1469 614 ostiam,
1492 548 1527 605 ut

197 633 366 718 plurimum
389 634 546 697 tribuatur
567 633 738 708 ambobus,
762 629 885 697 dicendi
907 641 1013 698 tamen
1034 633 1102 699 laus
1124 636 1218 699 estin
1232 637 1342 700 Laelio
1357 633 1525 713 illustrior.

176 727 368 794 saturatio
398 725 498 791 Laelii
530 723 569 791 de
600 724 739 810 collegiis
767 747 832 790 non
862 727 975 793 melior
1002 747 1094 813 φιιιιιι
1123 726 1162 793 de
1191 728 1297 794 multis
1319 749 1413 815 quam
1436 730 1526 793 voles

199 822 370 907 Scipionis:
392 840 457 886 non
472 840 536 906 quo
553 819 607 886 illa
627 817 727 884 Laelii
749 821 919 903 quidquam
941 824 982 886 sit
1004 821 1125 887 dulcius
1147 832 1201 887 aut
1221 843 1284 910 quo
1306 825 1346 887 de
1368 825 1525 907 religione

198 915 259 981 dici
281 914 381 1003 possit
400 914 580 999 augustius,
613 917 669 979 sed
691 913 792 980 multo
814 925 919 980 tamen
943 919 1099 983 vetustior
1119 927 1152 982 ct
1172 917 1332 984 horridior
1352 918 1407 984 ille
1430 939 1526 1003 quam

198 1008 322 1095 Scipio;
347 1017 393 1084 et,
416 1029 488 1074 cum
509 1011 626 1090 sintin
648 1011 782 1074 dicendo
804 1012 909 1075 variae
932 1011 1126 1087 voluntates,
1149 1012 1300 1078 delectari
1321 1013 1398 1078 mibi
1421 1013 1524 1098 magis

197 1103 382 1191 antiquitate
413 1104 539 1168 videtur
568 1112 601 1168 et
629 1104 776 1169 lubenter
804 1103 909 1169 verbis
938 1105 1031 1171 etiam
1060 1111 1106 1172 uti
1138 1106 1245 1192 paullo
1277 1107 1377 1192 magis
1410 1105 1525 1190 priscis

158 1198 332 1264 scheelius.
377 1199 429 1263 84.
463 1199 525 1263 Sed
547 1208 595 1263 est
617 1218 685 1264 mus
707 1200 889 1275 hominum,
924 1209 959 1263 ut
980 1202 1082 1266 nolint
1103 1204 1238 1266 eundem
1259 1200 1404 1285 pluribus
1428 1198 1525 1266 rebus

196 1292 361 1359 excellere.
406 1295 485 1357 Nam
511 1301 547 1358 ut
575 1313 616 1358 ex
640 1290 753 1358 bellica
774 1291 866 1358 laude
889 1295 1049 1379 adspirare
1070 1296 1110 1358 ad
1132 1292 1311 1360 hlricanum
1332 1316 1429 1361 nemo
1453 1303 1526 1378 pot·

195 1395 258 1461 est,
286 1386 319 1452 in
344 1406 407 1472 qua
428 1388 496 1472 ipsa
518 1388 680 1471 egregium
702 1386 836 1453 Viriathi
858 1386 942 1452 bello
966 1385 1140 1472 reperimus
1161 1387 1259 1453 tuisse
1279 1389 1444 1454 Laelium:
1475 1390 1521 1452 sic

166 1479 326 1565 -ingenii,
347 1482 543 1562 litterarum,
567 1478 782 1568 eloquentiae,
810 1481 981 1564 sapientiae
1004 1480 1139 1569 denique
1161 1485 1221 1546 etsi
1242 1482 1369 1570 utrique
1390 1480 1523 1569 primas,

192 1575 315 1661 priores
349 1580 454 1639 tamen
482 1573 629 1639 lubenter
658 1576 806 1641 delerant
833 1575 953 1641 Laelio.
999 1579 1063 1640 Nec
1093 1574 1170 1640 mihi
1198 1585 1376 1642 ceterorum
1406 1574 1527 1640 iudicio

155 1689 183 1730 as
194 1671 298 1737 solnm
318 1667 457 1744 videtur,
480 1671 535 1733 sed
559 1668 652 1734 etiam
667 1668 808 1752 ipsorum
823 1669 907 1736 inter
920 1671 1006 1756 ipsos
1021 1690 1173 1735 concessu
1188 1672 1230 1735 ita
1246 1673 1399 1736 tributum
1415 1668 1526 1733 luisse.

193 1767 248 1831 85.
271 1769 347 1830 Erat
368 1765 496 1857 omnino
518 1772 586 1828 tum
607 1784 696 1842 mos,
720 1767 809 1829 utin
830 1765 958 1851 reliquis
979 1763 1074 1830 rebus
1095 1767 1223 1840 melior,
1246 1765 1291 1829 sic
1311 1763 1345 1828 in
1368 1763 1431 1829 boc
1453 1763 1524 1847 ipso

191 1856 377 1935 humanior,
401 1866 437 1922 ut
456 1855 565 1922 laciles
586 1867 690 1924 essent
711 1860 744 1924 in
766 1879 858 1924 suum
881 1857 993 1944 cuique
1016 1857 1195 1925 tribuendo.
1240 1861 1341 1923 XXII.
1367 1855 1526 1924 Memoria

192 1962 287 2018 teneo
311 1956 461 2041 Smyrnae
484 1974 535 2016 me
557 1971 599 2017 ex
620 1955 655 2017 P.
675 1951 795 2017 Rutilio
816 1950 896 2018 nuto
919 1951 1063 2029 audisse,
1098 1973 1170 2018 cum
1197 1951 1318 2018 diceret
1338 1950 1523 2017 adolescen-

191 2047 257 2113 tulo
288 2069 323 2113 se
351 2044 520 2122 accidisse,
555 2054 591 2110 ut
621 2067 664 2110 ex
692 2054 818 2111 senatus
847 2047 992 2111 consulto
1019 2048 1052 2111 P.
1073 2047 1178 2130 Scipio
1200 2055 1232 2111 ct
1253 2050 1293 2111 l).
1311 2052 1451 2122 brutus,
1490 2053 1527 2111 ut

154 2144 325 2227 mopinot,
348 2142 493 2205 consules
515 2142 555 2204 de
576 2160 613 2205 re
635 2143 735 2204 atroci
755 2160 929 2226 magnaque
951 2150 1150 2224 quaererent.
1196 2145 1273 2205 Nam
1296 2161 1365 2206 cum
1388 2141 1422 2207 in
1444 2139 1523 2205 silva

192 2234 256 2301 Sila
277 2233 358 2300 lacta
380 2232 490 2299 caedes
512 2242 596 2298 esset
616 2235 747 2319 notique
768 2233 913 2300 homiues
934 2232 1093 2301 interlecti
1108 2234 1405 2320 insimulareturque
1428 2233 1523 2300 fami·

191 2331 246 2405 lia,
272 2329 386 2416 partim
408 2330 504 2394 etiam
525 2327 637 2404 liberi,
669 2327 828 2393 societatis
851 2329 937 2404 eius,
974 2350 1054 2415 quae
1077 2328 1213 2412 picarias
1235 2327 1275 2393 de
1296 2330 1331 2392 P.
1353 2327 1523 2403 Cornelio,

191 2430 227 2495 l..
249 2425 400 2491 hlummio
429 2424 614 2488 censoribus
640 2421 850 2497 redemisset,
884 2421 1063 2488 decrevisse
1091 2432 1253 2500 senatum,
1288 2431 1324 2488 ut
1352 2426 1392 2488 de
1423 2444 1461 2487 ea
1489 2443 1525 2485 re

193 2526 421 2604 cognoscerent
442 2526 474 2581 et
495 2524 670 2583 statuerent
692 2515 856 2581 consules:
878 2519 931 2583 86.
956 2539 1080 2583 causam
1104 2539 1161 2600 pro
1177 2517 1353 2601 publicanis
1367 2524 1523 2590 accurate,

154 2632 182 2674 ss
191 2620 228 2677 ut
248 2631 373 2694 semper
395 2609 506 2675 solitus
529 2619 632 2688 esset,
668 2610 893 2697 eleganterque
919 2614 1036 2676 dixisse
1063 2611 1221 2689 Laelium3
1258 2633 1329 2676 cum
1357 2613 1522 2684 consules,

190 2727 228 2772 re
250 2704 370 2779 audita,
402 2723 548 2770 nurcsvs
571 2702 611 2769 de
631 2703 755 2770 consilii
776 2707 929 2771 sententia
958 2705 1261 2791 pronuntiavisseut,
1296 2705 1404 2790 paucis
1425 2706 1526 2769 inter·

191 2799 304 2888 positis
333 2795 444 2865 diebus
471 2800 587 2865 iterum
615 2798 758 2864 Laelium
788 2800 887 2865 multo
915 2799 1096 2883 diligentius
1124 2801 1298 2885 meliusque
1322 2797 1440 2863 dixisse
1464 2798 1524 2863 ite·

192 2915 324 2981 rumque
351 2895 465 2959 codem
494 2892 590 2959 modo
612 2915 631 2958 a
654 2893 835 2958 consulibus
865 2915 933 2959 rem
960 2915 1029 2959 esse
1057 2893 1227 2980 prolatam;
1267 2903 1333 2958 tum
1355 2892 1521 2968 Laelium,

191 3009 264 3056 cum
287 3008 358 3055 eum
381 2988 458 3053 socii
481 2991 609 3053 domum
632 2985 835 3052 reduxissent
856 2990 1056 3074 egissentque
1081 2988 1196 3073 gratias
1218 2996 1267 3064 et,
1299 3010 1341 3051 ue
1371 2984 1524 3070 defatiga-

82 3127 89 3142 ι
155 3101 182 3143 ³⁰
192 3094 294 3160 retur,
318 3085 510 3159 oravissent,
539 3083 681 3148 locutum
702 3101 771 3146 esse
793 3081 853 3146 ita:
893 3103 945 3158 se,
977 3103 1058 3169 quae
1081 3083 1225 3158 iecisset,
1256 3081 1387 3146 honoris
1410 3100 1522 3146 corum

193 3199 287 3243 causa
308 3179 449 3244 studiose
471 3187 679 3263 accurateque
700 3175 831 3253 fecisse3
854 3179 910 3241 sed
933 3196 967 3241 se
989 3175 1136 3242 arbitrari
1157 3197 1282 3242 causam
1304 3176 1391 3242 illam
1414 3177 1518 3243 aSer.

195 3270 308 3348 Galba,
343 3275 429 3357 quod
458 3271 485 3336 is
514 3271 547 3335 in
577 3273 710 3335 dicendo
738 3268 884 3337 acerbior
904 3276 1070 3359 acriorque
1092 3281 1189 3348 esset,
1223 3271 1350 3357 gravius
1372 3278 1403 3336 et
1426 3269 1523 3337 vehe-

192 3366 328 3432 mentius
357 3385 450 3452 posse
479 3363 623 3440 delendi;
657 3365 762 3447 itaque
791 3368 974 3431 auctoritate
1002 3368 1036 3432 C.
1057 3367 1154 3432 Laelii
1183 3365 1369 3452 publicanos
1392 3385 1522 3429 causam

193 3460 342 3527 detulisse
365 3462 405 3525 ad
428 3458 573 3525 Galbam:
599 3458 652 3522 87.
676 3456 764 3521 illum
779 3469 900 3536 autem,
923 3464 1007 3547 quod
1030 3463 1059 3526 ei
1081 3460 1149 3527 viro
1171 3461 1406 3525 succedendum
1428 3465 1522 3533 esset,

262 3717 288 3767 2.
309 3715 483 3776 exaruerant]
502 3721 666 3766 evanuerunt
684 3713 808 3777 Purgoidt
829 3716 898 3764 cont.
919 3727 1011 3777 parum
1035 3715 1189 3779 probabitis.
1227 3716 1316 3780 Imago
1341 3717 1454 3776 repetita
1484 3718 1524 3763 est

197 3799 212 3839 a
239 3787 395 3837 fluminibus
415 3792 441 3838 et
458 3787 492 3836 ab
520 3785 676 3845 arboribus;
709 3786 821 3837 aiterum
841 3785 987 3836 membrum
1007 3788 1124 3848 espltca:
1160 3792 1207 3837 cut
1230 3789 1381 3849 pancissimi
1406 3789 1459 3836 iam
1479 3796 1525 3835 eas

197 3857 427 3908 transscribendas
446 3864 540 3906 curent
559 3869 673 3919 raroque
691 3856 763 3918 apud
781 3855 940 3917 bibliopolas
956 3869 1004 3908 eae
1023 3860 1217 3919 repertantur.»
1242 3883 1277 3892 -
1303 3857 1330 3906 ³.
1359 3869 1391 3907 aa
1409 3863 1448 3907 est
1466 3855 1523 3904 iam

197 3928 256 3979 lthrt
275 3930 349 3979 nott:
381 3940 412 3977 ea
437 3933 475 3977 ess
497 3927 551 3976 iam
574 3927 664 3988 opinio
683 3926 723 3986 li,
753 3940 785 3979 ea
811 3928 866 3975 iam
890 3927 1036 3988 esscptaio
1058 3927 1359 3989 conticueramus.
1379 3927 1411 3987 E,
1432 3931 1525 3976 eaear

195 4001 286 4065 sama,
311 4003 341 4047 ast
360 3998 491 4047 balterus.
516 3994 558 4056 (ea
582 4002 619 4045 est
640 3999 768 4048 sententia
785 3996 880 4056 Peter:
908 4008 968 4047 nam
989 4001 1015 4048 tn
1035 3995 1119 4049 Codd.
1140 4012 1196 4050 esse
1215 4012 1246 4049 ea
1264 4011 1278 4047 e
1296 3994 1367 4061 (eum
1386 3995 1445 4058 lin.)
1462 3997 1525 4045 saia

197 4069 267 4132 (cum
288 4065 347 4128 tin.)
367 4070 434 4120 bltre
454 4068 546 4125 sanet)
568 4092 596 4104 -·
622 4066 648 4116 6.
667 4074 715 4118 aut
734 4080 786 4132 qao
805 4068 883 4117 lthrt:
913 4075 963 4118 aut
979 4069 1049 4134 quod
1069 4068 1126 4119 RE.
1152 4095 1181 4106 -
1211 4069 1255 4118 12.
1279 4067 1392 4118 Viriathi
1408 4067 1456 4130 bg.
1476 4065 1523 4115 20.

196 4139 241 4189 3³.
261 4140 304 4190 53.
325 4139 376 4189 ss:
401 4138 498 4189 Virtuti
516 4138 575 4187 ttbrt
595 4138 714 4201 plerique
734 4145 760 4189 et
773 4139 810 4199 11,
835 4138 960 4189 Virictico
979 4150 1038 4189 eum
1057 4140 1184 4191 harenato
1198 4146 1225 4190 et
1236 4152 1313 4200 seqq.
1327 4138 1358 4188 E.
1379 4164 1408 4175 -
1430 4138 1473 4188 20.
1493 4139 1525 4188 iu

196 4209 265 4258 silua
278 4206 345 4271 Sita]
366 4209 410 4258 Sic
424 4211 507 4258 varias
520 4211 638 4259 omnium
655 4208 779 4259 librorum
796 4211 958 4271 corruptelas
972 4214 1084 4262 correxit
1096 4211 1237 4265 Turnebus
1248 4211 1358 4262 Adsere.
1372 4209 1421 4266 11,
1442 4210 1469 4258 1.
1486 4233 1524 4244 -

196 4280 240 4328 22.
260 4279 348 4329 liberti
366 4279 508 4330 Corradus.
544 4278 652 4327 hiberos
670 4292 733 4331 sane
752 4278 867 4342 intellige
884 4277 1071 4351 ἐλευθέρους.
1091 4294 1145 4335 non
1162 4281 1257 4346 υἱούς.
1293 4281 1362 4331 Sunt
1374 4280 1523 4330 administri

196 4350 266 4399 tillus
286 4351 437 4402 societatis.
458 4350 579 4401 tenuiore
599 4349 658 4400 loco
678 4353 744 4405 ortt,
765 4352 976 4411 ratiocinatores,
995 4353 1107 4404 scribae.
1129 4377 1160 4391 -
1185 4350 1229 4401 ³2.
1250 4350 1371 4402 acerbior
1389 4349 1519 4408 Orethus,

196 4418 364 4483 ut§.136:
390 4431 465 4469 acres
482 4427 506 4469 et
525 4419 630 4479 acerbi,
657 4416 687 4481 ὃ.
706 4419 777 4467 2221
805 4433 864 4469 acer
882 4419 1002 4473 arabus.
1038 4423 1095 4474 Nec
1113 4424 1235 4474 mesatis
1255 4423 1378 4472 refutavit
1397 4421 1521 4470 Ellendts

198 4491 273 4541 ailoe
293 4495 319 4541 tn
338 4494 521 4540 accusatorem
541 4502 622 4550 quam
640 4491 667 4538 in
688 4496 826 4550 patronum
846 4495 944 4541 rectius
963 4492 1033 4542 cadit
1048 4508 1074 4543 :a
1095 4495 1194 4545 etenim
1212 4495 1292 4543 ettam
1313 4494 1414 4553 patroni
1434 4494 1461 4541 in
1481 4504 1523 4542 re·

196 4559 317 4613 iettendts
337 4560 536 4613 accusatoribus
554 4559 644 4609 acerbi
665 4572 721 4609 esse
742 4567 864 4618 possunt.
902 4560 975 4611 Libri
993 4569 1084 4614 autem
1102 4564 1246 4624 odiosior,
1265 4563 1424 4613 adhortator
1442 4561 1522 4624 (lieg.

197 4630 259 4694 D.),
279 4633 418 4681 adhortior
437 4627 513 4694 (lieg.
532 4629 594 4688 B.),
614 4628 785 4678 adhortatios
801 4626 880 4693 (3.),
898 4630 995 4693 sortior
1013 4633 1161 4692 Victorius,
1180 4631 1522 4688 ornatiorlamh.15titi.‚

198 4702 337 4752 ardentior
355 4700 507 4758 Corradus,
535 4699 690 4750 adstrictior
707 4699 878 4764 Bernhardy,
911 4704 1027 4754 atrocior
1044 4704 1172 4756 Trtiierus
1192 4710 1219 4754 et
1237 4704 1412 4754 Buttmannus
1431 4702 1465 4753 N.
1485 4701 1521 4751 Α.

198 4770 226 4819 S.
247 4772 304 4821 Lat.
325 4771 381 4821 len.
402 4773 424 4824 1.
445 4784 471 4832 p.
494 4770 539 4822 42.
567 4770 616 4821 cir.
641 4769 759 4821 Oratorts
778 4767 808 4833 5.
834 4771 898 4829 56..
924 4776 1044 4835 asperim
1061 4775 1202 4832 Moserus3
1231 4781 1309 4823 actor
1327 4772 1424 4834 sortior
1442 4773 1524 4827 Peter

199 4847 230 4890 ut
246 4839 275 4903 6.
296 4841 357 4890 221.
376 4839 412 4892 At
430 4844 541 4906 grauior
559 4855 590 4894 es
609 4842 687 4892 nimis
704 4841 843 4895 arbitraria
862 4847 1008 4897 mutatione
1026 4856 1086 4898 eum
1104 4844 1216 4900 iledtol.
1234 4844 1346 4897 Arcens.
1367 4844 1399 4895 E.
