<?xml version="1.0" encoding="UTF-8"?>
<!DOCTYPE html PUBLIC "-//W3C//DTD XHTML 1.0 Transitional//EN"
    "http://www.w3.org/TR/xhtml1/DTD/xhtml1-transitional.dtd">
<html xmlns="http://www.w3.org/1999/xhtml" xml:lang="en" lang="en">
 <head>
  <title>
</title>
<meta http-equiv="Content-Type" content="text/html;charset=utf-8" />
  <meta name='ocr-system' content='tesseract 3.04.00' />
  <meta name='ocr-capabilities' content='ocr_page ocr_carea ocr_par ocr_line ocrx_word'/>
</head>
<body>
  <div class='ocr_page' id='page_1' title='image "./operaquaesupers04halmgoog_0077.png"; bbox 0 0 3232 5392; ppageno 0'>
   <div class='ocr_carea' id='block_1_1' title="bbox 194 239 1015 308">
    <p class='ocr_par' dir='ltr' id='par_1_1' title="bbox 194 239 1015 308">
     <span class='ocr_line' id='line_1_1' title="bbox 194 239 1015 308; baseline 0.005 -4"><span class='ocrx_word' id='word_1_1' title='bbox 194 241 235 304; x_wconf 77' lang='lat'><strong>62</strong></span> <span class='ocrx_word' id='word_1_2' title='bbox 700 241 754 305; x_wconf 84' lang='grc' dir='ltr'><strong>ΑΙ)</strong></span> <span class='ocrx_word' id='word_1_3' title='bbox 775 239 1015 308; x_wconf 81' lang='lat' dir='ltr'><strong>HERENNIUM</strong></span> 
     </span>
    </p>
   </div>
   <div class='ocr_carea' id='block_1_2' title="bbox 150 398 1522 3227">
    <p class='ocr_par' dir='ltr' id='par_1_2' title="bbox 150 398 1522 1804">
     <span class='ocr_line' id='line_1_2' title="bbox 192 398 1522 489; baseline 0.003 -25"><span class='ocrx_word' id='word_1_4' title='bbox 192 409 309 482; x_wconf 87' lang='lat' dir='ltr'><strong>pacto:</strong></span> <span class='ocrx_word' id='word_1_5' title='bbox 334 404 430 476; x_wconf 88' lang='lat' dir='ltr'><strong>Nam,</strong></span> <span class='ocrx_word' id='word_1_6' title='bbox 455 401 509 486; x_wconf 90' lang='lat' dir='ltr'><strong>qui</strong></span> <span class='ocrx_word' id='word_1_7' title='bbox 531 401 595 465; x_wconf 92' lang='lat' dir='ltr'><strong>suis</strong></span> <span class='ocrx_word' id='word_1_8' title='bbox 617 398 791 466; x_wconf 88' lang='lat' dir='ltr'><strong>rationibus</strong></span> <span class='ocrx_word' id='word_1_9' title='bbox 812 399 957 466; x_wconf 91' lang='lat' dir='ltr'><strong>inimicus</strong></span> <span class='ocrx_word' id='word_1_10' title='bbox 979 400 1075 466; x_wconf 85' lang='lat' dir='ltr'><strong>suerit</strong></span> <span class='ocrx_word' id='word_1_11' title='bbox 1096 419 1239 489; x_wconf 87' lang='lat' dir='ltr'><strong>semper,</strong></span> <span class='ocrx_word' id='word_1_12' title='bbox 1263 422 1336 469; x_wconf 91' lang='lat' dir='ltr'><strong>eum</strong></span> <span class='ocrx_word' id='word_1_13' title='bbox 1359 407 1522 489; x_wconf 86' lang='lat' dir='ltr'><strong>quomedo</strong></span> 
     </span>
     <span class='ocr_line' id='line_1_3' title="bbox 192 493 1522 583; baseline 0.005 -26"><span class='ocrx_word' id='word_1_14' title='bbox 192 493 302 559; x_wconf 86' lang='lat' dir='ltr'><strong>alienis</strong></span> <span class='ocrx_word' id='word_1_15' title='bbox 323 497 417 559; x_wconf 92' lang='lat' dir='ltr'><strong>rebus</strong></span> <span class='ocrx_word' id='word_1_16' title='bbox 440 497 576 560; x_wconf 89' lang='lat' dir='ltr'><strong>amicum</strong></span> <span class='ocrx_word' id='word_1_17' title='bbox 598 493 667 559; x_wconf 90' lang='lat' dir='ltr'><strong>lere</strong></span> <span class='ocrx_word' id='word_1_18' title='bbox 689 499 822 579; x_wconf 76' lang='lat' dir='ltr'><strong>speres?</strong></span> <span class='ocrx_word' id='word_1_19' title='bbox 855 498 950 562; x_wconf 90' lang='lat' dir='ltr'><strong>Item:</strong></span> <span class='ocrx_word' id='word_1_20' title='bbox 985 499 1084 571; x_wconf 92' lang='lat' dir='ltr'><strong>Nam,</strong></span> <span class='ocrx_word' id='word_1_21' title='bbox 1119 517 1212 583; x_wconf 90' lang='lat' dir='ltr'><strong>quem</strong></span> <span class='ocrx_word' id='word_1_22' title='bbox 1232 494 1267 560; x_wconf 89' lang='lat' dir='ltr'><strong>in</strong></span> <span class='ocrx_word' id='word_1_23' title='bbox 1289 497 1428 563; x_wconf 89' lang='lat' dir='ltr'><strong>amicitia</strong></span> <span class='ocrx_word' id='word_1_24' title='bbox 1450 520 1522 581; x_wconf 89' lang='lat' dir='ltr'><strong>pcr-</strong></span> 
     </span>
     <span class='ocr_line' id='line_1_4' title="bbox 191 586 1520 678; baseline 0.005 -26"><span class='ocrx_word' id='word_1_25' title='bbox 191 586 336 653; x_wconf 89' lang='lat' dir='ltr'><strong>lidiosnm</strong></span> <span class='ocrx_word' id='word_1_26' title='bbox 352 591 558 673; x_wconf 80' lang='lat' dir='ltr'>cognoveris,</span> <span class='ocrx_word' id='word_1_27' title='bbox 582 610 654 654; x_wconf 92' lang='lat' dir='ltr'><strong>eum</strong></span> <span class='ocrx_word' id='word_1_28' title='bbox 678 610 775 674; x_wconf 87' lang='lat' dir='ltr'><strong>quare</strong></span> <span class='ocrx_word' id='word_1_29' title='bbox 796 599 886 673; x_wconf 89' lang='lat' dir='ltr'><strong>putes</strong></span> <span class='ocrx_word' id='word_1_30' title='bbox 910 591 1088 655; x_wconf 71' lang='lat' dir='ltr'><strong>inimicitias</strong></span> <span class='ocrx_word' id='word_1_31' title='bbox 1110 611 1180 654; x_wconf 92' lang='lat' dir='ltr'><strong>cum</strong></span> <span class='ocrx_word' id='word_1_32' title='bbox 1196 587 1257 657; x_wconf 87' lang='lat' dir='ltr'><strong>fide</strong></span> <span class='ocrx_word' id='word_1_33' title='bbox 1271 594 1391 659; x_wconf 90' lang='lat' dir='ltr'><strong>habere</strong></span> <span class='ocrx_word' id='word_1_34' title='bbox 1406 599 1520 678; x_wconf 79' lang='lat' dir='ltr'><strong>posse?</strong></span> 
     </span>
     <span class='ocr_line' id='line_1_5' title="bbox 191 681 1521 773; baseline 0.005 -27"><span class='ocrx_word' id='word_1_35' title='bbox 191 685 252 746; x_wconf 82' lang='lat' dir='ltr'><strong>Et:</strong></span> <span class='ocrx_word' id='word_1_36' title='bbox 278 685 339 760; x_wconf 89' lang='lat' dir='ltr'><strong>Qui</strong></span> <span class='ocrx_word' id='word_1_37' title='bbox 361 685 499 769; x_wconf 81' lang='lat' dir='ltr'><strong>privatus</strong></span> <span class='ocrx_word' id='word_1_38' title='bbox 522 683 713 748; x_wconf 82' lang='lat' dir='ltr'><strong>intolerabili</strong></span> <span class='ocrx_word' id='word_1_39' title='bbox 734 681 879 770; x_wconf 89' lang='lat' dir='ltr'><strong>superbia</strong></span> <span class='ocrx_word' id='word_1_40' title='bbox 901 684 1013 759; x_wconf 82' lang='lat' dir='ltr'><strong>luerit,</strong></span> <span class='ocrx_word' id='word_1_41' title='bbox 1038 706 1110 749; x_wconf 92' lang='lat' dir='ltr'><strong>eum</strong></span> <span class='ocrx_word' id='word_1_42' title='bbox 1133 690 1334 751; x_wconf 93' lang='lat' dir='ltr'><strong>commodum</strong></span> <span class='ocrx_word' id='word_1_43' title='bbox 1356 697 1388 753; x_wconf 90' lang='lat' dir='ltr'><strong>et</strong></span> <span class='ocrx_word' id='word_1_44' title='bbox 1403 710 1521 773; x_wconf 83' lang='lat' dir='ltr'><strong>cogne-</strong></span> 
     </span>
     <span class='ocr_line' id='line_1_6' title="bbox 169 778 1520 864; baseline 0.002 -20"><span class='ocrx_word' id='word_1_45' title='bbox 169 787 330 844; x_wconf 82' lang='lat' dir='ltr'><strong>sscentem</strong></span> <span class='ocrx_word' id='word_1_46' title='bbox 361 780 409 843; x_wconf 88' lang='lat' dir='ltr'><strong>sui</strong></span> <span class='ocrx_word' id='word_1_47' title='bbox 439 780 509 842; x_wconf 83' lang='lat' dir='ltr'><strong>fore</strong></span> <span class='ocrx_word' id='word_1_48' title='bbox 538 778 572 843; x_wconf 92' lang='lat' dir='ltr'><strong>in</strong></span> <span class='ocrx_word' id='word_1_49' title='bbox 600 786 754 861; x_wconf 75' lang='lat' dir='ltr'><strong>potestate</strong></span> <span class='ocrx_word' id='word_1_50' title='bbox 789 778 842 864; x_wconf 88' lang='lat' dir='ltr'><strong>qui</strong></span> <span class='ocrx_word' id='word_1_51' title='bbox 864 784 994 862; x_wconf 73' lang='lat' dir='ltr'><strong>speres?</strong></span> <span class='ocrx_word' id='word_1_52' title='bbox 1026 783 1085 844; x_wconf 85' lang='lat' dir='ltr'><strong>Et:</strong></span> <span class='ocrx_word' id='word_1_53' title='bbox 1123 781 1185 857; x_wconf 87' lang='lat' dir='ltr'><strong>Qui</strong></span> <span class='ocrx_word' id='word_1_54' title='bbox 1215 783 1247 846; x_wconf 93' lang='lat' dir='ltr'><strong>iu</strong></span> <span class='ocrx_word' id='word_1_55' title='bbox 1269 783 1467 847; x_wconf 82' lang='lat' dir='ltr'><strong>sermonibus</strong></span> <span class='ocrx_word' id='word_1_56' title='bbox 1489 793 1520 847; x_wconf 87' lang='lat' dir='ltr'><strong>et</strong></span> 
     </span>
     <span class='ocr_line' id='line_1_7' title="bbox 192 873 1518 961; baseline 0.005 -28"><span class='ocrx_word' id='word_1_57' title='bbox 192 880 348 938; x_wconf 90' lang='lat' dir='ltr'><strong>conventu</strong></span> <span class='ocrx_word' id='word_1_58' title='bbox 371 873 543 953; x_wconf 85' lang='lat' dir='ltr'><strong>amicorum</strong></span> <span class='ocrx_word' id='word_1_59' title='bbox 566 893 674 937; x_wconf 84' lang='lat' dir='ltr'><strong>verum</strong></span> <span class='ocrx_word' id='word_1_60' title='bbox 697 876 815 938; x_wconf 81' lang='lat' dir='ltr'><strong>dixerit</strong></span> <span class='ocrx_word' id='word_1_61' title='bbox 842 895 1025 961; x_wconf 85' lang='lat' dir='ltr'><strong>uunquam,</strong></span> <span class='ocrx_word' id='word_1_62' title='bbox 1062 894 1133 939; x_wconf 92' lang='lat' dir='ltr'><strong>eum</strong></span> <span class='ocrx_word' id='word_1_63' title='bbox 1165 878 1225 939; x_wconf 90' lang='lat' dir='ltr'><strong>sibi</strong></span> <span class='ocrx_word' id='word_1_64' title='bbox 1256 875 1290 940; x_wconf 93' lang='lat' dir='ltr'><strong>in</strong></span> <span class='ocrx_word' id='word_1_65' title='bbox 1319 878 1518 941; x_wconf 91' lang='lat' dir='ltr'><strong>contionibus</strong></span> 
     </span>
     <span class='ocr_line' id='line_1_8' title="bbox 192 968 1516 1052; baseline 0.002 -23"><span class='ocrx_word' id='word_1_66' title='bbox 192 969 294 1031; x_wconf 89' lang='lat' dir='ltr'><strong>credis</strong></span> <span class='ocrx_word' id='word_1_67' title='bbox 320 989 338 1031; x_wconf 90' lang='lat' dir='ltr'><strong>a</strong></span> <span class='ocrx_word' id='word_1_68' title='bbox 367 970 530 1032; x_wconf 92' lang='lat' dir='ltr'><strong>mendacio</strong></span> <span class='ocrx_word' id='word_1_69' title='bbox 562 973 828 1052; x_wconf 78' lang='lat' dir='ltr'><strong>temperaturum?</strong></span> <span class='ocrx_word' id='word_1_70' title='bbox 865 972 961 1033; x_wconf 87' lang='lat' dir='ltr'><strong>Item:</strong></span> <span class='ocrx_word' id='word_1_71' title='bbox 995 971 1083 1046; x_wconf 89' lang='lat' dir='ltr'><strong>Ques</strong></span> <span class='ocrx_word' id='word_1_72' title='bbox 1115 989 1155 1033; x_wconf 82' lang='lat' dir='ltr'><strong>ex</strong></span> <span class='ocrx_word' id='word_1_73' title='bbox 1178 968 1311 1034; x_wconf 87' lang='lat' dir='ltr'><strong>collibus</strong></span> <span class='ocrx_word' id='word_1_74' title='bbox 1333 970 1516 1045; x_wconf 89' lang='lat' dir='ltr'><strong>deiecimus,</strong></span> 
     </span>
     <span class='ocr_line' id='line_1_9' title="bbox 191 1062 1518 1150; baseline 0.004 -26"><span class='ocrx_word' id='word_1_75' title='bbox 191 1082 262 1125; x_wconf 90' lang='lat' dir='ltr'><strong>cum</strong></span> <span class='ocrx_word' id='word_1_76' title='bbox 292 1064 342 1126; x_wconf 90' lang='lat' dir='ltr'><strong>bis</strong></span> <span class='ocrx_word' id='word_1_77' title='bbox 371 1065 402 1125; x_wconf 92' lang='lat' dir='ltr'><strong>in</strong></span> <span class='ocrx_word' id='word_1_78' title='bbox 435 1082 544 1147; x_wconf 91' lang='lat' dir='ltr'><strong>campo</strong></span> <span class='ocrx_word' id='word_1_79' title='bbox 566 1065 734 1127; x_wconf 89' lang='lat' dir='ltr'><strong>metuimus</strong></span> <span class='ocrx_word' id='word_1_80' title='bbox 756 1064 932 1127; x_wconf 79' lang='lat' dir='ltr'><strong>dimicaret</strong></span> <span class='ocrx_word' id='word_1_81' title='bbox 969 1065 1031 1140; x_wconf 85' lang='lat' dir='ltr'><strong>Qui</strong></span> <span class='ocrx_word' id='word_1_82' title='bbox 1053 1084 1123 1127; x_wconf 91' lang='lat' dir='ltr'><strong>cum</strong></span> <span class='ocrx_word' id='word_1_83' title='bbox 1145 1062 1252 1150; x_wconf 90' lang='lat' dir='ltr'><strong>plures</strong></span> <span class='ocrx_word' id='word_1_84' title='bbox 1273 1075 1381 1140; x_wconf 87' lang='lat' dir='ltr'><strong>erant,</strong></span> <span class='ocrx_word' id='word_1_85' title='bbox 1412 1066 1518 1150; x_wconf 87' lang='lat' dir='ltr'><strong>paucis</strong></span> 
     </span>
     <span class='ocr_line' id='line_1_10' title="bbox 159 1157 1515 1242; baseline -0.001 -19"><span class='ocrx_word' id='word_1_86' title='bbox 159 1219 161 1223; x_wconf 81' lang='grc'>,</span> <span class='ocrx_word' id='word_1_87' title='bbox 190 1157 282 1220; x_wconf 88' lang='lat' dir='ltr'><strong>nobis</strong></span> <span class='ocrx_word' id='word_1_88' title='bbox 304 1157 474 1241; x_wconf 85' lang='lat' dir='ltr'><strong>exaequari</strong></span> <span class='ocrx_word' id='word_1_89' title='bbox 496 1176 561 1219; x_wconf 92' lang='lat' dir='ltr'><strong>non</strong></span> <span class='ocrx_word' id='word_1_90' title='bbox 583 1165 750 1241; x_wconf 90' lang='lat' dir='ltr'><strong>poterant,</strong></span> <span class='ocrx_word' id='word_1_91' title='bbox 774 1159 824 1231; x_wconf 84' lang='lat' dir='ltr'><strong>ht,</strong></span> <span class='ocrx_word' id='word_1_92' title='bbox 848 1165 1015 1242; x_wconf 81' lang='lat' dir='ltr'><strong>postquam</strong></span> <span class='ocrx_word' id='word_1_93' title='bbox 1037 1158 1204 1242; x_wconf 87' lang='lat' dir='ltr'><strong>pauciores</strong></span> <span class='ocrx_word' id='word_1_94' title='bbox 1225 1168 1314 1235; x_wconf 88' lang='lat' dir='ltr'><strong>sunt,</strong></span> <span class='ocrx_word' id='word_1_95' title='bbox 1337 1161 1515 1234; x_wconf 87' lang='lat' dir='ltr'><strong>metuimus,</strong></span> 
     </span>
     <span class='ocr_line' id='line_1_11' title="bbox 154 1251 1517 1334; baseline 0.001 -19"><span class='ocrx_word' id='word_1_96' title='bbox 154 1270 230 1315; x_wconf 83' lang='lat' dir='ltr'><strong>sone</strong></span> <span class='ocrx_word' id='word_1_97' title='bbox 251 1251 314 1313; x_wconf 91' lang='lat' dir='ltr'><strong>siut</strong></span> <span class='ocrx_word' id='word_1_98' title='bbox 335 1252 541 1333; x_wconf 71' lang='lat' dir='ltr'><strong>superiores?</strong></span> <span class='ocrx_word' id='word_1_99' title='bbox 576 1253 629 1315; x_wconf 75' lang='lat'><strong>26.</strong></span> <span class='ocrx_word' id='word_1_100' title='bbox 664 1253 734 1315; x_wconf 85' lang='lat' dir='ltr'><strong>llec</strong></span> <span class='ocrx_word' id='word_1_101' title='bbox 757 1252 970 1316; x_wconf 77' lang='lat' dir='ltr'><strong>exornationis</strong></span> <span class='ocrx_word' id='word_1_102' title='bbox 994 1271 1094 1334; x_wconf 81' lang='lat' dir='ltr'><strong>genus</strong></span> <span class='ocrx_word' id='word_1_103' title='bbox 1116 1254 1255 1316; x_wconf 86' lang='lat' dir='ltr'><strong>breviter</strong></span> <span class='ocrx_word' id='word_1_104' title='bbox 1276 1260 1309 1316; x_wconf 90' lang='lat' dir='ltr'><strong>et</strong></span> <span class='ocrx_word' id='word_1_105' title='bbox 1330 1255 1517 1318; x_wconf 83' lang='lat' dir='ltr'><strong>continuatis</strong></span> 
     </span>
     <span class='ocr_line' id='line_1_12' title="bbox 190 1343 1517 1433; baseline 0 -22"><span class='ocrx_word' id='word_1_106' title='bbox 190 1347 295 1411; x_wconf 87' lang='lat' dir='ltr'><strong>verbis</strong></span> <span class='ocrx_word' id='word_1_107' title='bbox 325 1344 498 1431; x_wconf 84' lang='lat' dir='ltr'><strong>perlectum</strong></span> <span class='ocrx_word' id='word_1_108' title='bbox 530 1343 625 1410; x_wconf 91' lang='lat' dir='ltr'><strong>debet</strong></span> <span class='ocrx_word' id='word_1_109' title='bbox 654 1366 721 1410; x_wconf 89' lang='lat' dir='ltr'><strong>esse</strong></span> <span class='ocrx_word' id='word_1_110' title='bbox 735 1375 762 1421; x_wconf 51' lang='grc'><strong>,’</strong></span> <span class='ocrx_word' id='word_1_111' title='bbox 783 1353 814 1409; x_wconf 89' lang='lat' dir='ltr'><strong>et</strong></span> <span class='ocrx_word' id='word_1_112' title='bbox 845 1367 917 1409; x_wconf 86' lang='lat' dir='ltr'><strong>curn</strong></span> <span class='ocrx_word' id='word_1_113' title='bbox 948 1348 1149 1409; x_wconf 90' lang='lat' dir='ltr'><strong>commodum</strong></span> <span class='ocrx_word' id='word_1_114' title='bbox 1177 1354 1225 1410; x_wconf 87' lang='lat' dir='ltr'><strong>est</strong></span> <span class='ocrx_word' id='word_1_115' title='bbox 1251 1346 1360 1418; x_wconf 83' lang='lat' dir='ltr'><strong>auditu</strong></span> <span class='ocrx_word' id='word_1_116' title='bbox 1386 1355 1517 1433; x_wconf 89' lang='lat' dir='ltr'><strong>prepter</strong></span> 
     </span>
     <span class='ocr_line' id='line_1_13' title="bbox 189 1437 1517 1528; baseline 0 -23"><span class='ocrx_word' id='word_1_117' title='bbox 189 1439 319 1506; x_wconf 87' lang='lat' dir='ltr'><strong>brevem</strong></span> <span class='ocrx_word' id='word_1_118' title='bbox 342 1449 372 1503; x_wconf 90' lang='lat' dir='ltr'><strong>et</strong></span> <span class='ocrx_word' id='word_1_119' title='bbox 394 1437 567 1503; x_wconf 75' lang='lat' dir='ltr'><strong>absolutam</strong></span> <span class='ocrx_word' id='word_1_120' title='bbox 591 1439 847 1514; x_wconf 85' lang='lat' dir='ltr'><strong>conclusionem,</strong></span> <span class='ocrx_word' id='word_1_121' title='bbox 871 1448 938 1503; x_wconf 90' lang='lat' dir='ltr'><strong>tum</strong></span> <span class='ocrx_word' id='word_1_122' title='bbox 953 1459 1029 1504; x_wconf 87' lang='lat' dir='ltr'><strong>vero</strong></span> <span class='ocrx_word' id='word_1_123' title='bbox 1044 1441 1249 1505; x_wconf 84' lang='lat' dir='ltr'><strong>vehementer</strong></span> <span class='ocrx_word' id='word_1_124' title='bbox 1263 1443 1314 1517; x_wconf 86' lang='lat' dir='ltr'><strong>id,</strong></span> <span class='ocrx_word' id='word_1_125' title='bbox 1335 1441 1422 1528; x_wconf 86' lang='lat' dir='ltr'><strong>qued</strong></span> <span class='ocrx_word' id='word_1_126' title='bbox 1437 1463 1517 1524; x_wconf 90' lang='lat' dir='ltr'><strong>opus</strong></span> 
     </span>
     <span class='ocr_line' id='line_1_14' title="bbox 188 1533 1513 1618; baseline -0.001 -18"><span class='ocrx_word' id='word_1_127' title='bbox 188 1544 236 1600; x_wconf 93' lang='lat' dir='ltr'><strong>est</strong></span> <span class='ocrx_word' id='word_1_128' title='bbox 257 1534 397 1608; x_wconf 88' lang='lat' dir='ltr'><strong>oratori,</strong></span> <span class='ocrx_word' id='word_1_129' title='bbox 433 1533 619 1616; x_wconf 92' lang='lat' dir='ltr'><strong>comprobat</strong></span> <span class='ocrx_word' id='word_1_130' title='bbox 640 1537 797 1599; x_wconf 90' lang='lat' dir='ltr'><strong>contraria</strong></span> <span class='ocrx_word' id='word_1_131' title='bbox 819 1556 853 1598; x_wconf 89' lang='lat' dir='ltr'><strong>re</strong></span> <span class='ocrx_word' id='word_1_132' title='bbox 875 1543 906 1599; x_wconf 92' lang='lat' dir='ltr'><strong>et</strong></span> <span class='ocrx_word' id='word_1_133' title='bbox 927 1553 967 1597; x_wconf 82' lang='lat' dir='ltr'><strong>ex</strong></span> <span class='ocrx_word' id='word_1_134' title='bbox 989 1553 1052 1609; x_wconf 89' lang='lat' dir='ltr'><strong>ee,</strong></span> <span class='ocrx_word' id='word_1_135' title='bbox 1086 1537 1171 1618; x_wconf 88' lang='lat' dir='ltr'><strong>quod</strong></span> <span class='ocrx_word' id='word_1_136' title='bbox 1200 1533 1331 1599; x_wconf 90' lang='lat' dir='ltr'><strong>dubium</strong></span> <span class='ocrx_word' id='word_1_137' title='bbox 1360 1557 1426 1599; x_wconf 91' lang='lat' dir='ltr'><strong>non</strong></span> <span class='ocrx_word' id='word_1_138' title='bbox 1457 1545 1513 1610; x_wconf 88' lang='lat' dir='ltr'><strong>est,</strong></span> 
     </span>
     <span class='ocr_line' id='line_1_15' title="bbox 189 1626 1517 1712; baseline -0.002 -19"><span class='ocrx_word' id='word_1_139' title='bbox 189 1631 317 1712; x_wconf 84' lang='lat' dir='ltr'><strong>expedit</strong></span> <span class='ocrx_word' id='word_1_140' title='bbox 338 1627 431 1698; x_wconf 82' lang='lat' dir='ltr'><strong>illud.</strong></span> <span class='ocrx_word' id='word_1_141' title='bbox 464 1628 550 1712; x_wconf 94' lang='lat' dir='ltr'><strong>quod</strong></span> <span class='ocrx_word' id='word_1_142' title='bbox 571 1638 618 1693; x_wconf 91' lang='lat' dir='ltr'><strong>est</strong></span> <span class='ocrx_word' id='word_1_143' title='bbox 640 1631 791 1706; x_wconf 87' lang='lat' dir='ltr'><strong>dubium,</strong></span> <span class='ocrx_word' id='word_1_144' title='bbox 824 1638 859 1691; x_wconf 90' lang='lat' dir='ltr'><strong>ut</strong></span> <span class='ocrx_word' id='word_1_145' title='bbox 881 1635 935 1691; x_wconf 90' lang='lat' dir='ltr'><strong>aut</strong></span> <span class='ocrx_word' id='word_1_146' title='bbox 956 1626 1033 1692; x_wconf 90' lang='lat' dir='ltr'><strong>dilui</strong></span> <span class='ocrx_word' id='word_1_147' title='bbox 1055 1648 1120 1692; x_wconf 92' lang='lat' dir='ltr'><strong>nen</strong></span> <span class='ocrx_word' id='word_1_148' title='bbox 1141 1631 1241 1711; x_wconf 88' lang='lat' dir='ltr'><strong>possit</strong></span> <span class='ocrx_word' id='word_1_149' title='bbox 1262 1637 1317 1695; x_wconf 89' lang='lat' dir='ltr'><strong>aut</strong></span> <span class='ocrx_word' id='word_1_150' title='bbox 1337 1629 1435 1695; x_wconf 90' lang='lat' dir='ltr'><strong>multo</strong></span> <span class='ocrx_word' id='word_1_151' title='bbox 1458 1630 1517 1692; x_wconf 83' lang='lat' dir='ltr'><strong>dii·</strong></span> 
     </span>
     <span class='ocr_line' id='line_1_16' title="bbox 150 1722 460 1804; baseline -0.016 -16"><span class='ocrx_word' id='word_1_152' title='bbox 150 1723 325 1788; x_wconf 80' lang='lat' dir='ltr'><strong>rssrcillime</strong></span> <span class='ocrx_word' id='word_1_153' title='bbox 349 1722 460 1804; x_wconf 86' lang='lat' dir='ltr'><strong>possit.</strong></span> 
     </span>
    </p>

    <p class='ocr_par' dir='ltr' id='par_1_3' title="bbox 188 1813 1516 2181">
     <span class='ocr_line' id='line_1_17' title="bbox 272 1813 1515 1897; baseline 0 -15"><span class='ocrx_word' id='word_1_154' title='bbox 272 1820 359 1882; x_wconf 81' lang='lat' dir='ltr'><strong>xlx.</strong></span> <span class='ocrx_word' id='word_1_155' title='bbox 384 1817 559 1880; x_wconf 88' lang='lat' dir='ltr'><strong>Membrum</strong></span> <span class='ocrx_word' id='word_1_156' title='bbox 582 1816 733 1878; x_wconf 89' lang='lat' dir='ltr'><strong>orationis</strong></span> <span class='ocrx_word' id='word_1_157' title='bbox 755 1813 931 1897; x_wconf 88' lang='lat' dir='ltr'><strong>appellatur</strong></span> <span class='ocrx_word' id='word_1_158' title='bbox 953 1835 1003 1879; x_wconf 86' lang='lat' dir='ltr'><strong>res</strong></span> <span class='ocrx_word' id='word_1_159' title='bbox 1024 1816 1164 1881; x_wconf 89' lang='lat' dir='ltr'><strong>breviter</strong></span> <span class='ocrx_word' id='word_1_160' title='bbox 1178 1814 1324 1882; x_wconf 88' lang='lat' dir='ltr'><strong>absoluta</strong></span> <span class='ocrx_word' id='word_1_161' title='bbox 1337 1819 1406 1884; x_wconf 92' lang='lat' dir='ltr'><strong>sine</strong></span> <span class='ocrx_word' id='word_1_162' title='bbox 1422 1819 1515 1885; x_wconf 87' lang='lat' dir='ltr'><strong>tetius</strong></span> 
     </span>
     <span class='ocr_line' id='line_1_18' title="bbox 189 1910 1513 2000; baseline -0.002 -19"><span class='ocrx_word' id='word_1_163' title='bbox 189 1913 361 1981; x_wconf 87' lang='lat' dir='ltr'><strong>sententiae</strong></span> <span class='ocrx_word' id='word_1_164' title='bbox 384 1911 666 1982; x_wconf 84' lang='lat' dir='ltr'><strong>demonstratione,</strong></span> <span class='ocrx_word' id='word_1_165' title='bbox 695 1930 776 1995; x_wconf 89' lang='lat' dir='ltr'><strong>quae</strong></span> <span class='ocrx_word' id='word_1_166' title='bbox 798 1913 901 1973; x_wconf 91' lang='lat' dir='ltr'><strong>denne</strong></span> <span class='ocrx_word' id='word_1_167' title='bbox 924 1910 985 1972; x_wconf 88' lang='lat' dir='ltr'><strong>alio</strong></span> <span class='ocrx_word' id='word_1_168' title='bbox 1009 1912 1150 1974; x_wconf 91' lang='lat' dir='ltr'><strong>membro</strong></span> <span class='ocrx_word' id='word_1_169' title='bbox 1173 1913 1324 1976; x_wconf 89' lang='lat' dir='ltr'><strong>orationis</strong></span> <span class='ocrx_word' id='word_1_170' title='bbox 1347 1914 1513 2000; x_wconf 82' lang='lat' dir='ltr'><strong>excipitur,</strong></span> 
     </span>
     <span class='ocr_line' id='line_1_19' title="bbox 188 2003 1516 2090; baseline -0.002 -14"><span class='ocrx_word' id='word_1_171' title='bbox 188 2013 251 2075; x_wconf 90' lang='lat' dir='ltr'><strong>hoc</strong></span> <span class='ocrx_word' id='word_1_172' title='bbox 273 2007 390 2072; x_wconf 89' lang='lat' dir='ltr'><strong>modo:</strong></span> <span class='ocrx_word' id='word_1_173' title='bbox 430 2009 467 2068; x_wconf 87' lang='lat' dir='ltr'><strong>Et</strong></span> <span class='ocrx_word' id='word_1_174' title='bbox 488 2003 614 2068; x_wconf 92' lang='lat' dir='ltr'><strong>inimico</strong></span> <span class='ocrx_word' id='word_1_175' title='bbox 637 2003 799 2086; x_wconf 87' lang='lat' dir='ltr'><strong>proderes.</strong></span> <span class='ocrx_word' id='word_1_176' title='bbox 844 2005 880 2066; x_wconf 90' lang='lat' dir='ltr'><strong>ld</strong></span> <span class='ocrx_word' id='word_1_177' title='bbox 903 2011 950 2067; x_wconf 90' lang='lat' dir='ltr'><strong>est</strong></span> <span class='ocrx_word' id='word_1_178' title='bbox 973 2023 1089 2079; x_wconf 90' lang='lat' dir='ltr'><strong>uuum,</strong></span> <span class='ocrx_word' id='word_1_179' title='bbox 1114 2007 1199 2088; x_wconf 88' lang='lat' dir='ltr'><strong>quod</strong></span> <span class='ocrx_word' id='word_1_180' title='bbox 1220 2006 1398 2090; x_wconf 90' lang='lat' dir='ltr'><strong>appellatur</strong></span> <span class='ocrx_word' id='word_1_181' title='bbox 1419 2029 1516 2073; x_wconf 87' lang='lat' dir='ltr'><strong>mem·</strong></span> 
     </span>
     <span class='ocr_line' id='line_1_20' title="bbox 190 2095 1512 2181; baseline -0.002 -11"><span class='ocrx_word' id='word_1_182' title='bbox 190 2108 305 2179; x_wconf 88' lang='lat' dir='ltr'><strong>brum;</strong></span> <span class='ocrx_word' id='word_1_183' title='bbox 342 2097 454 2164; x_wconf 91' lang='lat' dir='ltr'><strong>deinde</strong></span> <span class='ocrx_word' id='word_1_184' title='bbox 484 2099 547 2161; x_wconf 91' lang='lat' dir='ltr'><strong>hoc</strong></span> <span class='ocrx_word' id='word_1_185' title='bbox 569 2097 745 2180; x_wconf 84' lang='lat' dir='ltr'><strong>excipiatur</strong></span> <span class='ocrx_word' id='word_1_186' title='bbox 766 2105 894 2181; x_wconf 87' lang='lat' dir='ltr'><strong>oportet</strong></span> <span class='ocrx_word' id='word_1_187' title='bbox 915 2095 955 2160; x_wconf 92' lang='lat' dir='ltr'><strong>ab</strong></span> <span class='ocrx_word' id='word_1_188' title='bbox 978 2095 1098 2161; x_wconf 89' lang='lat' dir='ltr'><strong>altero:</strong></span> <span class='ocrx_word' id='word_1_189' title='bbox 1136 2101 1178 2162; x_wconf 82' lang='lat' dir='ltr'><strong>Et</strong></span> <span class='ocrx_word' id='word_1_190' title='bbox 1197 2101 1332 2164; x_wconf 91' lang='lat' dir='ltr'><strong>amicum</strong></span> <span class='ocrx_word' id='word_1_191' title='bbox 1354 2100 1512 2167; x_wconf 86' lang='lat' dir='ltr'><strong>laedebas.</strong></span> 
     </span>
    </p>

    <p class='ocr_par' dir='ltr' id='par_1_4' title="bbox 152 2190 1516 2564">
     <span class='ocr_line' id='line_1_21' title="bbox 152 2190 1516 2273; baseline 0.001 -14"><span class='ocrx_word' id='word_1_192' title='bbox 152 2204 236 2265; x_wconf 80' lang='lat' dir='ltr'><strong>ssEx</strong></span> <span class='ocrx_word' id='word_1_193' title='bbox 258 2198 382 2261; x_wconf 89' lang='lat' dir='ltr'><strong>duobus</strong></span> <span class='ocrx_word' id='word_1_194' title='bbox 403 2194 552 2257; x_wconf 91' lang='lat' dir='ltr'><strong>membris</strong></span> <span class='ocrx_word' id='word_1_195' title='bbox 575 2194 639 2255; x_wconf 89' lang='lat' dir='ltr'><strong>suis</strong></span> <span class='ocrx_word' id='word_1_196' title='bbox 661 2193 740 2255; x_wconf 90' lang='lat' dir='ltr'><strong>haec</strong></span> <span class='ocrx_word' id='word_1_197' title='bbox 762 2190 925 2255; x_wconf 83' lang='lat' dir='ltr'><strong>exornatio</strong></span> <span class='ocrx_word' id='word_1_198' title='bbox 947 2199 1051 2273; x_wconf 86' lang='lat' dir='ltr'><strong>potest</strong></span> <span class='ocrx_word' id='word_1_199' title='bbox 1073 2201 1231 2270; x_wconf 79' lang='lat' dir='ltr'><strong>constare3</strong></span> <span class='ocrx_word' id='word_1_200' title='bbox 1254 2190 1311 2259; x_wconf 89' lang='lat' dir='ltr'><strong>sed</strong></span> <span class='ocrx_word' id='word_1_201' title='bbox 1326 2200 1516 2262; x_wconf 87' lang='lat' dir='ltr'><strong>commodis-</strong></span> 
     </span>
     <span class='ocr_line' id='line_1_22' title="bbox 190 2286 1513 2371; baseline -0.002 -12"><span class='ocrx_word' id='word_1_202' title='bbox 190 2297 268 2360; x_wconf 89' lang='lat' dir='ltr'><strong>sima</strong></span> <span class='ocrx_word' id='word_1_203' title='bbox 289 2300 321 2354; x_wconf 89' lang='lat' dir='ltr'><strong>et</strong></span> <span class='ocrx_word' id='word_1_204' title='bbox 341 2286 570 2353; x_wconf 87' lang='lat' dir='ltr'><strong>absolutissima</strong></span> <span class='ocrx_word' id='word_1_205' title='bbox 586 2294 649 2360; x_wconf 91' lang='lat' dir='ltr'><strong>est,</strong></span> <span class='ocrx_word' id='word_1_206' title='bbox 675 2305 755 2371; x_wconf 90' lang='lat' dir='ltr'><strong>quae</strong></span> <span class='ocrx_word' id='word_1_207' title='bbox 777 2306 819 2350; x_wconf 93' lang='lat' dir='ltr'><strong>ex</strong></span> <span class='ocrx_word' id='word_1_208' title='bbox 840 2287 940 2349; x_wconf 89' lang='lat' dir='ltr'><strong>tribus</strong></span> <span class='ocrx_word' id='word_1_209' title='bbox 955 2293 1097 2359; x_wconf 88' lang='lat' dir='ltr'><strong>constat,</strong></span> <span class='ocrx_word' id='word_1_210' title='bbox 1120 2288 1182 2352; x_wconf 88' lang='lat' dir='ltr'><strong>hec</strong></span> <span class='ocrx_word' id='word_1_211' title='bbox 1196 2296 1306 2371; x_wconf 87' lang='lat' dir='ltr'><strong>pacto:</strong></span> <span class='ocrx_word' id='word_1_212' title='bbox 1330 2293 1371 2353; x_wconf 84' lang='lat' dir='ltr'><strong>Et</strong></span> <span class='ocrx_word' id='word_1_213' title='bbox 1385 2290 1513 2356; x_wconf 91' lang='lat' dir='ltr'><strong>inimico</strong></span> 
     </span>
     <span class='ocr_line' id='line_1_23' title="bbox 189 2378 1514 2473; baseline -0.002 -21"><span class='ocrx_word' id='word_1_214' title='bbox 189 2385 340 2473; x_wconf 83' lang='lat' dir='ltr'><strong>proderes</strong></span> <span class='ocrx_word' id='word_1_215' title='bbox 370 2390 402 2446; x_wconf 92' lang='lat' dir='ltr'><strong>et</strong></span> <span class='ocrx_word' id='word_1_216' title='bbox 430 2382 565 2445; x_wconf 89' lang='lat' dir='ltr'><strong>amicum</strong></span> <span class='ocrx_word' id='word_1_217' title='bbox 593 2378 740 2444; x_wconf 87' lang='lat' dir='ltr'><strong>laedebas</strong></span> <span class='ocrx_word' id='word_1_218' title='bbox 768 2387 800 2443; x_wconf 90' lang='lat' dir='ltr'><strong>et</strong></span> <span class='ocrx_word' id='word_1_219' title='bbox 822 2379 879 2443; x_wconf 93' lang='lat' dir='ltr'><strong>tibi</strong></span> <span class='ocrx_word' id='word_1_220' title='bbox 902 2378 961 2464; x_wconf 91' lang='lat' dir='ltr'><strong>ipsi</strong></span> <span class='ocrx_word' id='word_1_221' title='bbox 983 2400 1049 2444; x_wconf 93' lang='lat' dir='ltr'><strong>non</strong></span> <span class='ocrx_word' id='word_1_222' title='bbox 1071 2381 1268 2446; x_wconf 87' lang='lat' dir='ltr'><strong>consulebas.</strong></span> <span class='ocrx_word' id='word_1_223' title='bbox 1314 2384 1415 2448; x_wconf 85' lang='lat' dir='ltr'><strong>Item:</strong></span> <span class='ocrx_word' id='word_1_224' title='bbox 1450 2388 1514 2449; x_wconf 90' lang='lat' dir='ltr'><strong>Nec</strong></span> 
     </span>
     <span class='ocr_line' id='line_1_24' title="bbox 189 2472 1396 2564; baseline -0.005 -17"><span class='ocrx_word' id='word_1_225' title='bbox 189 2481 236 2546; x_wconf 89' lang='lat' dir='ltr'><strong>rei</strong></span> <span class='ocrx_word' id='word_1_226' title='bbox 258 2480 403 2564; x_wconf 90' lang='lat' dir='ltr'><strong>publicae</strong></span> <span class='ocrx_word' id='word_1_227' title='bbox 426 2475 609 2539; x_wconf 88' lang='lat' dir='ltr'><strong>consuluisti</strong></span> <span class='ocrx_word' id='word_1_228' title='bbox 631 2495 690 2538; x_wconf 93' lang='lat' dir='ltr'><strong>nec</strong></span> <span class='ocrx_word' id='word_1_229' title='bbox 711 2473 819 2538; x_wconf 89' lang='lat' dir='ltr'><strong>amicis</strong></span> <span class='ocrx_word' id='word_1_230' title='bbox 841 2472 985 2559; x_wconf 80' lang='lat' dir='ltr'><strong>profuisti</strong></span> <span class='ocrx_word' id='word_1_231' title='bbox 1007 2494 1067 2537; x_wconf 91' lang='lat' dir='ltr'><strong>nec</strong></span> <span class='ocrx_word' id='word_1_232' title='bbox 1089 2476 1224 2540; x_wconf 90' lang='lat' dir='ltr'><strong>inimicis</strong></span> <span class='ocrx_word' id='word_1_233' title='bbox 1237 2479 1396 2564; x_wconf 87' lang='lat' dir='ltr'><strong>restitisti.</strong></span> 
     </span>
    </p>

    <p class='ocr_par' dir='ltr' id='par_1_5' title="bbox 273 2569 1513 2658">
     <span class='ocr_line' id='line_1_25' title="bbox 273 2569 1513 2658; baseline 0 -20"><span class='ocrx_word' id='word_1_234' title='bbox 273 2573 431 2638; x_wconf 83' lang='lat' dir='ltr'><strong>Articulus</strong></span> <span class='ocrx_word' id='word_1_235' title='bbox 453 2570 587 2643; x_wconf 89' lang='lat' dir='ltr'><strong>dicitur,</strong></span> <span class='ocrx_word' id='word_1_236' title='bbox 617 2589 687 2633; x_wconf 89' lang='lat' dir='ltr'><strong>cum</strong></span> <span class='ocrx_word' id='word_1_237' title='bbox 710 2569 833 2653; x_wconf 80' lang='lat' dir='ltr'><strong>singola</strong></span> <span class='ocrx_word' id='word_1_238' title='bbox 854 2572 953 2633; x_wconf 85' lang='lat' dir='ltr'><strong>verba</strong></span> <span class='ocrx_word' id='word_1_239' title='bbox 973 2571 1148 2635; x_wconf 88' lang='lat' dir='ltr'><strong>intervallis</strong></span> <span class='ocrx_word' id='word_1_240' title='bbox 1171 2573 1403 2658; x_wconf 81' lang='lat' dir='ltr'><strong>distinguentur</strong></span> <span class='ocrx_word' id='word_1_241' title='bbox 1423 2594 1513 2638; x_wconf 87' lang='lat' dir='ltr'><strong>caesa</strong></span> 
     </span>
    </p>

    <p class='ocr_par' dir='ltr' id='par_1_6' title="bbox 151 2663 1515 3227">
     <span class='ocr_line' id='line_1_26' title="bbox 152 2663 1510 2759; baseline -0.004 -23"><span class='ocrx_word' id='word_1_242' title='bbox 152 2673 353 2743; x_wconf 75' lang='lat' dir='ltr'><strong>moratione,</strong></span> <span class='ocrx_word' id='word_1_243' title='bbox 386 2670 446 2730; x_wconf 90' lang='lat' dir='ltr'><strong>boc</strong></span> <span class='ocrx_word' id='word_1_244' title='bbox 469 2667 586 2728; x_wconf 86' lang='lat' dir='ltr'><strong>medo:</strong></span> <span class='ocrx_word' id='word_1_245' title='bbox 625 2663 824 2739; x_wconf 74' lang='lat' dir='ltr'><strong>Acrimouia,</strong></span> <span class='ocrx_word' id='word_1_246' title='bbox 847 2684 950 2739; x_wconf 86' lang='lat' dir='ltr'><strong>voce,</strong></span> <span class='ocrx_word' id='word_1_247' title='bbox 973 2666 1062 2729; x_wconf 87' lang='lat' dir='ltr'><strong>vultu</strong></span> <span class='ocrx_word' id='word_1_248' title='bbox 1083 2668 1281 2732; x_wconf 89' lang='lat' dir='ltr'><strong>adversarios</strong></span> <span class='ocrx_word' id='word_1_249' title='bbox 1303 2667 1510 2759; x_wconf 78' lang='lat' dir='ltr'><strong>perterruisti.</strong></span> 
     </span>
     <span class='ocr_line' id='line_1_27' title="bbox 189 2756 1515 2842; baseline -0.005 -11"><span class='ocrx_word' id='word_1_250' title='bbox 189 2770 288 2831; x_wconf 86' lang='lat' dir='ltr'><strong>Item:</strong></span> <span class='ocrx_word' id='word_1_251' title='bbox 322 2761 471 2826; x_wconf 78' lang='lat' dir='ltr'><strong>inimicos</strong></span> <span class='ocrx_word' id='word_1_252' title='bbox 498 2757 638 2832; x_wconf 87' lang='lat' dir='ltr'><strong>invidia,</strong></span> <span class='ocrx_word' id='word_1_253' title='bbox 672 2758 815 2834; x_wconf 88' lang='lat' dir='ltr'><strong>iniuriis,</strong></span> <span class='ocrx_word' id='word_1_254' title='bbox 850 2759 1013 2842; x_wconf 90' lang='lat' dir='ltr'><strong>potentia,</strong></span> <span class='ocrx_word' id='word_1_255' title='bbox 1048 2756 1177 2841; x_wconf 85' lang='lat' dir='ltr'><strong>pertidia</strong></span> <span class='ocrx_word' id='word_1_256' title='bbox 1209 2763 1372 2826; x_wconf 88' lang='lat' dir='ltr'><strong>sustulisti.</strong></span> <span class='ocrx_word' id='word_1_257' title='bbox 1429 2764 1515 2825; x_wconf 91' lang='lat' dir='ltr'><strong>Inter</strong></span> 
     </span>
     <span class='ocr_line' id='line_1_28' title="bbox 189 2851 1513 2942; baseline -0.006 -16"><span class='ocrx_word' id='word_1_258' title='bbox 189 2861 281 2928; x_wconf 89' lang='lat' dir='ltr'><strong>buius</strong></span> <span class='ocrx_word' id='word_1_259' title='bbox 304 2857 427 2942; x_wconf 82' lang='lat' dir='ltr'><strong>generis</strong></span> <span class='ocrx_word' id='word_1_260' title='bbox 449 2861 480 2917; x_wconf 92' lang='lat' dir='ltr'><strong>et</strong></span> <span class='ocrx_word' id='word_1_261' title='bbox 500 2854 584 2915; x_wconf 88' lang='lat' dir='ltr'><strong>illius</strong></span> <span class='ocrx_word' id='word_1_262' title='bbox 606 2851 780 2934; x_wconf 89' lang='lat' dir='ltr'><strong>superioris</strong></span> <span class='ocrx_word' id='word_1_263' title='bbox 800 2851 1029 2917; x_wconf 86' lang='lat' dir='ltr'><strong>vehementiam</strong></span> <span class='ocrx_word' id='word_1_264' title='bbox 1050 2856 1111 2918; x_wconf 89' lang='lat' dir='ltr'><strong>boc</strong></span> <span class='ocrx_word' id='word_1_265' title='bbox 1133 2855 1278 2918; x_wconf 91' lang='lat' dir='ltr'><strong>interest:</strong></span> <span class='ocrx_word' id='word_1_266' title='bbox 1305 2852 1413 2942; x_wconf 89' lang='lat' dir='ltr'><strong>[quod]</strong></span> <span class='ocrx_word' id='word_1_267' title='bbox 1437 2853 1513 2919; x_wconf 92' lang='lat' dir='ltr'><strong>illud</strong></span> 
     </span>
     <span class='ocr_line' id='line_1_29' title="bbox 188 2944 1513 3038; baseline -0.005 -18"><span class='ocrx_word' id='word_1_268' title='bbox 188 2957 308 3020; x_wconf 89' lang='lat' dir='ltr'><strong>tardius</strong></span> <span class='ocrx_word' id='word_1_269' title='bbox 336 2959 368 3016; x_wconf 89' lang='lat' dir='ltr'><strong>et</strong></span> <span class='ocrx_word' id='word_1_270' title='bbox 397 2948 497 3014; x_wconf 86' lang='lat' dir='ltr'><strong>rarius</strong></span> <span class='ocrx_word' id='word_1_271' title='bbox 525 2947 631 3020; x_wconf 87' lang='lat' dir='ltr'><strong>venit,</strong></span> <span class='ocrx_word' id='word_1_272' title='bbox 666 2947 728 3009; x_wconf 88' lang='lat' dir='ltr'><strong>hoc</strong></span> <span class='ocrx_word' id='word_1_273' title='bbox 757 2944 898 3012; x_wconf 89' lang='lat' dir='ltr'><strong>crebrius</strong></span> <span class='ocrx_word' id='word_1_274' title='bbox 927 2955 959 3012; x_wconf 92' lang='lat' dir='ltr'><strong>et</strong></span> <span class='ocrx_word' id='word_1_275' title='bbox 985 2948 1119 3014; x_wconf 88' lang='lat' dir='ltr'><strong>celerius</strong></span> <span class='ocrx_word' id='word_1_276' title='bbox 1147 2953 1304 3033; x_wconf 85' lang='lat' dir='ltr'><strong>pervenit.</strong></span> <span class='ocrx_word' id='word_1_277' title='bbox 1350 2953 1460 3038; x_wconf 86' lang='lat' dir='ltr'><strong>ltaqsre</strong></span> <span class='ocrx_word' id='word_1_278' title='bbox 1481 2952 1513 3014; x_wconf 91' lang='lat' dir='ltr'><strong>in</strong></span> 
     </span>
     <span class='ocr_line' id='line_1_30' title="bbox 188 3039 1513 3132; baseline -0.005 -17"><span class='ocrx_word' id='word_1_279' title='bbox 188 3050 244 3115; x_wconf 91' lang='lat' dir='ltr'><strong>illo</strong></span> <span class='ocrx_word' id='word_1_280' title='bbox 278 3067 393 3132; x_wconf 80' lang='lat' dir='ltr'><strong>genere</strong></span> <span class='ocrx_word' id='word_1_281' title='bbox 427 3063 467 3108; x_wconf 91' lang='lat' dir='ltr'><strong>ex</strong></span> <span class='ocrx_word' id='word_1_282' title='bbox 499 3039 674 3107; x_wconf 90' lang='lat' dir='ltr'><strong>remotione</strong></span> <span class='ocrx_word' id='word_1_283' title='bbox 707 3040 827 3105; x_wconf 86' lang='lat' dir='ltr'><strong>brachii</strong></span> <span class='ocrx_word' id='word_1_284' title='bbox 857 3049 890 3105; x_wconf 87' lang='lat' dir='ltr'><strong>et</strong></span> <span class='ocrx_word' id='word_1_285' title='bbox 921 3047 1119 3108; x_wconf 91' lang='lat' dir='ltr'><strong>contortione</strong></span> <span class='ocrx_word' id='word_1_286' title='bbox 1150 3047 1297 3111; x_wconf 83' lang='lat' dir='ltr'><strong>dexterae</strong></span> <span class='ocrx_word' id='word_1_287' title='bbox 1327 3046 1449 3130; x_wconf 76' lang='lat' dir='ltr'><strong>gladius</strong></span> <span class='ocrx_word' id='word_1_288' title='bbox 1473 3047 1513 3109; x_wconf 86' lang='lat' dir='ltr'><strong>ad</strong></span> 
     </span>
     <span class='ocr_line' id='line_1_31' title="bbox 151 3133 1513 3227; baseline 0 -23"><span class='ocrx_word' id='word_1_289' title='bbox 151 3160 304 3227; x_wconf 86' lang='lat' dir='ltr'><strong>secorpus</strong></span> <span class='ocrx_word' id='word_1_290' title='bbox 325 3139 451 3214; x_wconf 78' lang='lat' dir='ltr'><strong>afferri,</strong></span> <span class='ocrx_word' id='word_1_291' title='bbox 486 3138 518 3203; x_wconf 88' lang='lat' dir='ltr'><strong>iu</strong></span> <span class='ocrx_word' id='word_1_292' title='bbox 548 3134 609 3200; x_wconf 92' lang='lat' dir='ltr'><strong>boe</strong></span> <span class='ocrx_word' id='word_1_293' title='bbox 636 3145 740 3201; x_wconf 89' lang='lat' dir='ltr'><strong>autem</strong></span> <span class='ocrx_word' id='word_1_294' title='bbox 773 3133 884 3201; x_wconf 89' lang='lat' dir='ltr'><strong>crebro</strong></span> <span class='ocrx_word' id='word_1_295' title='bbox 916 3144 948 3201; x_wconf 93' lang='lat' dir='ltr'><strong>et</strong></span> <span class='ocrx_word' id='word_1_296' title='bbox 974 3135 1070 3203; x_wconf 91' lang='lat' dir='ltr'><strong>celeri</strong></span> <span class='ocrx_word' id='word_1_297' title='bbox 1092 3158 1206 3222; x_wconf 89' lang='lat' dir='ltr'><strong>cerpus</strong></span> <span class='ocrx_word' id='word_1_298' title='bbox 1227 3141 1358 3207; x_wconf 83' lang='lat' dir='ltr'><strong>vulnere</strong></span> <span class='ocrx_word' id='word_1_299' title='bbox 1380 3160 1513 3205; x_wconf 83' lang='lat' dir='ltr'><strong>consau-</strong></span> 
     </span>
    </p>
   </div>
   <div class='ocr_carea' id='block_1_3' title="bbox 189 3239 422 3303">
    <p class='ocr_par' dir='ltr' id='par_1_7' title="bbox 189 3239 422 3303">
     <span class='ocr_line' id='line_1_32' title="bbox 189 3239 422 3303; baseline -0.03 0"><span class='ocrx_word' id='word_1_300' title='bbox 189 3241 265 3303; x_wconf 89' lang='lat' dir='ltr'><strong>ciari</strong></span> <span class='ocrx_word' id='word_1_301' title='bbox 286 3239 422 3301; x_wconf 84' lang='lat' dir='ltr'><strong>videtur.</strong></span> 
     </span>
    </p>
   </div>
   <div class='ocr_carea' id='block_1_4' title="bbox 152 3321 1513 3988">
    <p class='ocr_par' dir='ltr' id='par_1_8' title="bbox 188 3321 1513 3601">
     <span class='ocr_line' id='line_1_33' title="bbox 272 3321 1512 3414; baseline -0.002 -19"><span class='ocrx_word' id='word_1_302' title='bbox 272 3334 324 3395; x_wconf 75' lang='lat'><strong>27.</strong></span> <span class='ocrx_word' id='word_1_303' title='bbox 350 3327 548 3392; x_wconf 87' lang='lat' dir='ltr'><strong>Continuatio</strong></span> <span class='ocrx_word' id='word_1_304' title='bbox 570 3331 619 3390; x_wconf 91' lang='lat' dir='ltr'><strong>est</strong></span> <span class='ocrx_word' id='word_1_305' title='bbox 639 3322 737 3390; x_wconf 87' lang='lat' dir='ltr'><strong>densa</strong></span> <span class='ocrx_word' id='word_1_306' title='bbox 760 3321 803 3410; x_wconf 86' lang='lat' dir='ltr'><strong>[et</strong></span> <span class='ocrx_word' id='word_1_307' title='bbox 817 3322 990 3412; x_wconf 88' lang='lat' dir='ltr'><strong>continens]</strong></span> <span class='ocrx_word' id='word_1_308' title='bbox 1014 3329 1225 3414; x_wconf 80' lang='lat' dir='ltr'><strong>frequentatio</strong></span> <span class='ocrx_word' id='word_1_309' title='bbox 1246 3329 1417 3393; x_wconf 84' lang='lat' dir='ltr'><strong>verborum</strong></span> <span class='ocrx_word' id='word_1_310' title='bbox 1441 3350 1512 3393; x_wconf 90' lang='lat' dir='ltr'><strong>eum</strong></span> 
     </span>
     <span class='ocr_line' id='line_1_34' title="bbox 188 3422 1513 3508; baseline -0.003 -16"><span class='ocrx_word' id='word_1_311' title='bbox 188 3425 386 3492; x_wconf 90' lang='lat' dir='ltr'><strong>absolutione</strong></span> <span class='ocrx_word' id='word_1_312' title='bbox 408 3422 644 3487; x_wconf 87' lang='lat' dir='ltr'><strong>sententiarum.</strong></span> <span class='ocrx_word' id='word_1_313' title='bbox 689 3424 734 3485; x_wconf 89' lang='lat' dir='ltr'><strong>Ea</strong></span> <span class='ocrx_word' id='word_1_314' title='bbox 756 3429 880 3485; x_wconf 88' lang='lat' dir='ltr'><strong>utemur</strong></span> <span class='ocrx_word' id='word_1_315' title='bbox 902 3426 1156 3488; x_wconf 90' lang='lat' dir='ltr'><strong>commodissime</strong></span> <span class='ocrx_word' id='word_1_316' title='bbox 1178 3424 1353 3508; x_wconf 87' lang='lat' dir='ltr'><strong>tripartito:</strong></span> <span class='ocrx_word' id='word_1_317' title='bbox 1385 3423 1418 3488; x_wconf 93' lang='lat' dir='ltr'><strong>in</strong></span> <span class='ocrx_word' id='word_1_318' title='bbox 1441 3445 1513 3489; x_wconf 92' lang='lat' dir='ltr'><strong>seu·</strong></span> 
     </span>
     <span class='ocr_line' id='line_1_35' title="bbox 189 3512 1510 3601; baseline -0.002 -16"><span class='ocrx_word' id='word_1_319' title='bbox 189 3523 303 3596; x_wconf 90' lang='lat' dir='ltr'><strong>tentia,</strong></span> <span class='ocrx_word' id='word_1_320' title='bbox 327 3519 359 3584; x_wconf 92' lang='lat' dir='ltr'><strong>in</strong></span> <span class='ocrx_word' id='word_1_321' title='bbox 382 3518 559 3590; x_wconf 89' lang='lat' dir='ltr'><strong>centrario,</strong></span> <span class='ocrx_word' id='word_1_322' title='bbox 583 3517 616 3578; x_wconf 95' lang='lat' dir='ltr'><strong>in</strong></span> <span class='ocrx_word' id='word_1_323' title='bbox 638 3513 851 3580; x_wconf 89' lang='lat' dir='ltr'><strong>conclusione.</strong></span> <span class='ocrx_word' id='word_1_324' title='bbox 895 3519 931 3580; x_wconf 94' lang='lat' dir='ltr'><strong>ln</strong></span> <span class='ocrx_word' id='word_1_325' title='bbox 953 3512 1130 3595; x_wconf 84' lang='lat' dir='ltr'><strong>sententia,</strong></span> <span class='ocrx_word' id='word_1_326' title='bbox 1158 3520 1220 3582; x_wconf 91' lang='lat' dir='ltr'><strong>hoo</strong></span> <span class='ocrx_word' id='word_1_327' title='bbox 1242 3527 1352 3601; x_wconf 89' lang='lat' dir='ltr'><strong>pacto:</strong></span> <span class='ocrx_word' id='word_1_328' title='bbox 1386 3520 1425 3582; x_wconf 86' lang='lat' dir='ltr'><strong>Ei</strong></span> <span class='ocrx_word' id='word_1_329' title='bbox 1446 3540 1510 3583; x_wconf 94' lang='lat' dir='ltr'><strong>non</strong></span> 
     </span>
    </p>

    <p class='ocr_par' dir='ltr' id='par_1_9' title="bbox 152 3609 1512 3988">
     <span class='ocr_line' id='line_1_36' title="bbox 152 3609 1512 3698; baseline 0.001 -23"><span class='ocrx_word' id='word_1_330' title='bbox 152 3619 321 3682; x_wconf 85' lang='lat' dir='ltr'><strong>ssmultum</strong></span> <span class='ocrx_word' id='word_1_331' title='bbox 342 3621 446 3697; x_wconf 92' lang='lat' dir='ltr'><strong>potest</strong></span> <span class='ocrx_word' id='word_1_332' title='bbox 467 3609 579 3676; x_wconf 88' lang='lat' dir='ltr'><strong>obesse</strong></span> <span class='ocrx_word' id='word_1_333' title='bbox 600 3612 748 3687; x_wconf 80' lang='lat' dir='ltr'><strong>fortuna,</strong></span> <span class='ocrx_word' id='word_1_334' title='bbox 776 3611 829 3697; x_wconf 86' lang='lat' dir='ltr'><strong>qni</strong></span> <span class='ocrx_word' id='word_1_335' title='bbox 852 3610 913 3676; x_wconf 88' lang='lat' dir='ltr'><strong>sibi</strong></span> <span class='ocrx_word' id='word_1_336' title='bbox 934 3610 1053 3677; x_wconf 87' lang='lat' dir='ltr'><strong>firmius</strong></span> <span class='ocrx_word' id='word_1_337' title='bbox 1074 3615 1107 3676; x_wconf 92' lang='lat' dir='ltr'><strong>in</strong></span> <span class='ocrx_word' id='word_1_338' title='bbox 1128 3615 1243 3677; x_wconf 88' lang='lat' dir='ltr'><strong>virtute</strong></span> <span class='ocrx_word' id='word_1_339' title='bbox 1265 3635 1359 3698; x_wconf 88' lang='lat' dir='ltr'><strong>qnam</strong></span> <span class='ocrx_word' id='word_1_340' title='bbox 1381 3614 1414 3676; x_wconf 92' lang='lat' dir='ltr'><strong>in</strong></span> <span class='ocrx_word' id='word_1_341' title='bbox 1437 3633 1512 3678; x_wconf 89' lang='lat' dir='ltr'><strong>casu</strong></span> 
     </span>
     <span class='ocr_line' id='line_1_37' title="bbox 188 3699 1511 3799; baseline -0.008 -20"><span class='ocrx_word' id='word_1_342' title='bbox 188 3712 379 3799; x_wconf 88' lang='lat' dir='ltr'><strong>praesidium</strong></span> <span class='ocrx_word' id='word_1_343' title='bbox 402 3709 578 3775; x_wconf 86' lang='lat' dir='ltr'><strong>collocavit.</strong></span> <span class='ocrx_word' id='word_1_344' title='bbox 626 3699 663 3772; x_wconf 92' lang='lat' dir='ltr'><strong>ln</strong></span> <span class='ocrx_word' id='word_1_345' title='bbox 686 3709 865 3782; x_wconf 89' lang='lat' dir='ltr'><strong>contrarie,</strong></span> <span class='ocrx_word' id='word_1_346' title='bbox 899 3708 960 3771; x_wconf 90' lang='lat' dir='ltr'><strong>hoo</strong></span> <span class='ocrx_word' id='word_1_347' title='bbox 981 3708 1098 3772; x_wconf 91' lang='lat' dir='ltr'><strong>mode:</strong></span> <span class='ocrx_word' id='word_1_348' title='bbox 1131 3708 1208 3769; x_wconf 92' lang='lat' dir='ltr'><strong>Nam</strong></span> <span class='ocrx_word' id='word_1_349' title='bbox 1231 3708 1257 3770; x_wconf 91' lang='lat' dir='ltr'><strong>si</strong></span> <span class='ocrx_word' id='word_1_350' title='bbox 1280 3709 1334 3793; x_wconf 92' lang='lat' dir='ltr'><strong>qui</strong></span> <span class='ocrx_word' id='word_1_351' title='bbox 1356 3705 1422 3790; x_wconf 89' lang='lat' dir='ltr'><strong>spei</strong></span> <span class='ocrx_word' id='word_1_352' title='bbox 1447 3726 1511 3770; x_wconf 90' lang='lat' dir='ltr'><strong>non</strong></span> 
     </span>
     <span class='ocr_line' id='line_1_38' title="bbox 189 3799 1509 3888; baseline -0.01 -13"><span class='ocrx_word' id='word_1_353' title='bbox 189 3809 321 3875; x_wconf 92' lang='lat' dir='ltr'><strong>multum</strong></span> <span class='ocrx_word' id='word_1_354' title='bbox 344 3805 503 3870; x_wconf 88' lang='lat' dir='ltr'><strong>collocarit</strong></span> <span class='ocrx_word' id='word_1_355' title='bbox 524 3805 556 3869; x_wconf 93' lang='lat' dir='ltr'><strong>in</strong></span> <span class='ocrx_word' id='word_1_356' title='bbox 579 3825 664 3878; x_wconf 88' lang='lat' dir='ltr'><strong>casu,</strong></span> <span class='ocrx_word' id='word_1_357' title='bbox 688 3805 850 3888; x_wconf 88' lang='lat' dir='ltr'><strong>quidest,</strong></span> <span class='ocrx_word' id='word_1_358' title='bbox 875 3802 961 3884; x_wconf 89' lang='lat' dir='ltr'><strong>qued</strong></span> <span class='ocrx_word' id='word_1_359' title='bbox 983 3799 1013 3863; x_wconf 93' lang='lat' dir='ltr'><strong>ei</strong></span> <span class='ocrx_word' id='word_1_360' title='bbox 1035 3819 1147 3881; x_wconf 83' lang='lat' dir='ltr'><strong>magno</strong></span> <span class='ocrx_word' id='word_1_361' title='bbox 1172 3819 1269 3881; x_wconf 93' lang='lat' dir='ltr'><strong>opere</strong></span> <span class='ocrx_word' id='word_1_362' title='bbox 1292 3821 1382 3864; x_wconf 90' lang='lat' dir='ltr'><strong>casus</strong></span> <span class='ocrx_word' id='word_1_363' title='bbox 1397 3801 1509 3863; x_wconf 87' lang='lat' dir='ltr'><strong>obesse</strong></span> 
     </span>
     <span class='ocr_line' id='line_1_39' title="bbox 188 3894 1508 3988; baseline -0.009 -20"><span class='ocrx_word' id='word_1_364' title='bbox 188 3901 313 3988; x_wconf 80' lang='lat' dir='ltr'><strong>possiti</strong></span> <span class='ocrx_word' id='word_1_365' title='bbox 347 3905 382 3964; x_wconf 94' lang='lat' dir='ltr'><strong>ln</strong></span> <span class='ocrx_word' id='word_1_366' title='bbox 404 3898 626 3973; x_wconf 90' lang='lat' dir='ltr'><strong>conclusione,</strong></span> <span class='ocrx_word' id='word_1_367' title='bbox 661 3898 723 3961; x_wconf 93' lang='lat' dir='ltr'><strong>hoc</strong></span> <span class='ocrx_word' id='word_1_368' title='bbox 749 3901 862 3979; x_wconf 89' lang='lat' dir='ltr'><strong>pacto:</strong></span> <span class='ocrx_word' id='word_1_369' title='bbox 900 3894 1020 3969; x_wconf 86' lang='lat' dir='ltr'><strong>Quodsi</strong></span> <span class='ocrx_word' id='word_1_370' title='bbox 1047 3895 1079 3957; x_wconf 92' lang='lat' dir='ltr'><strong>iu</strong></span> <span class='ocrx_word' id='word_1_371' title='bbox 1107 3912 1162 3957; x_wconf 87' lang='lat' dir='ltr'><strong>eos</strong></span> <span class='ocrx_word' id='word_1_372' title='bbox 1191 3895 1362 3979; x_wconf 88' lang='lat' dir='ltr'><strong>plurimum</strong></span> <span class='ocrx_word' id='word_1_373' title='bbox 1383 3894 1508 3957; x_wconf 83' lang='lat' dir='ltr'><strong>fortuna</strong></span> 
     </span>
    </p>
   </div>
   <div class='ocr_carea' id='block_1_5' title="bbox 187 4052 1509 4979">
    <p class='ocr_par' dir='ltr' id='par_1_10' title="bbox 187 4052 1509 4979">
     <span class='ocr_line' id='line_1_40' title="bbox 257 4052 1508 4121; baseline -0.008 -5"><span class='ocrx_word' id='word_1_374' title='bbox 257 4068 284 4117; x_wconf 75' lang='lat'><strong>2.</strong></span> <span class='ocrx_word' id='word_1_375' title='bbox 304 4067 370 4115; x_wconf 83' lang='lat' dir='ltr'><strong>Item</strong></span> <span class='ocrx_word' id='word_1_376' title='bbox 387 4064 513 4114; x_wconf 82' lang='lat' dir='ltr'>PBFRT:</span> <span class='ocrx_word' id='word_1_377' title='bbox 544 4064 576 4112; x_wconf 79' lang='lat' dir='ltr'><strong>m</strong></span> <span class='ocrx_word' id='word_1_378' title='bbox 595 4064 657 4111; x_wconf 86' lang='lat' dir='ltr'><strong>item</strong></span> <span class='ocrx_word' id='word_1_379' title='bbox 676 4060 730 4109; x_wconf 79' lang='grc' dir='ltr'><strong>ΑΕ.</strong></span> <span class='ocrx_word' id='word_1_380' title='bbox 750 4083 784 4093; x_wconf 97' lang='grc'>-</span> <span class='ocrx_word' id='word_1_381' title='bbox 813 4058 839 4106; x_wconf 88' lang='grc'><strong>4.</strong></span> <span class='ocrx_word' id='word_1_382' title='bbox 860 4052 905 4117; x_wconf 81' lang='lat' dir='ltr'><strong>Et]</strong></span> <span class='ocrx_word' id='word_1_383' title='bbox 924 4061 972 4105; x_wconf 85' lang='lat' dir='ltr'><strong>ent</strong></span> <span class='ocrx_word' id='word_1_384' title='bbox 990 4056 1111 4106; x_wconf 76' lang='grc' dir='ltr'><strong>ΡΕΕΕΤ.</strong></span> <span class='ocrx_word' id='word_1_385' title='bbox 1141 4081 1170 4092; x_wconf 91' lang='grc'>-</span> <span class='ocrx_word' id='word_1_386' title='bbox 1191 4064 1385 4121; x_wconf 79' lang='lat' dir='ltr'><strong>cepnescentem</strong></span> <span class='ocrx_word' id='word_1_387' title='bbox 1400 4060 1442 4107; x_wconf 87' lang='lat' dir='ltr'><strong>sni</strong></span> <span class='ocrx_word' id='word_1_388' title='bbox 1461 4056 1508 4106; x_wconf 79' lang='lat' dir='ltr'><strong>BR</strong></span> 
     </span>
     <span class='ocr_line' id='line_1_41' title="bbox 190 4127 1509 4198; baseline -0.01 -7"><span class='ocrx_word' id='word_1_389' title='bbox 190 4147 217 4191; x_wconf 90' lang='lat' dir='ltr'><strong>et</strong></span> <span class='ocrx_word' id='word_1_390' title='bbox 235 4152 302 4190; x_wconf 83' lang='lat' dir='ltr'><strong>cerr.</strong></span> <span class='ocrx_word' id='word_1_391' title='bbox 324 4139 361 4187; x_wconf 74' lang='lat' dir='ltr'><strong>A:</strong></span> <span class='ocrx_word' id='word_1_392' title='bbox 391 4137 432 4185; x_wconf 86' lang='lat' dir='ltr'><strong>sni</strong></span> <span class='ocrx_word' id='word_1_393' title='bbox 451 4138 644 4198; x_wconf 82' lang='lat' dir='ltr'><strong>cepnescentem</strong></span> <span class='ocrx_word' id='word_1_394' title='bbox 664 4131 700 4189; x_wconf 85' lang='lat' dir='ltr'><strong>E,</strong></span> <span class='ocrx_word' id='word_1_395' title='bbox 728 4135 921 4193; x_wconf 74' lang='lat' dir='ltr'><strong>capraemontem</strong></span> <span class='ocrx_word' id='word_1_396' title='bbox 940 4139 968 4175; x_wconf 87' lang='lat' dir='ltr'><strong>se</strong></span> <span class='ocrx_word' id='word_1_397' title='bbox 988 4127 1031 4175; x_wconf 82' lang='grc' dir='ltr'><strong>ΕΤ</strong></span> <span class='ocrx_word' id='word_1_398' title='bbox 1050 4133 1076 4178; x_wconf 87' lang='lat' dir='ltr'><strong>et</strong></span> <span class='ocrx_word' id='word_1_399' title='bbox 1095 4140 1135 4187; x_wconf 87' lang='lat' dir='ltr'><strong>pr.</strong></span> <span class='ocrx_word' id='word_1_400' title='bbox 1158 4127 1196 4185; x_wconf 80' lang='grc' dir='ltr'><strong>Α,</strong></span> <span class='ocrx_word' id='word_1_401' title='bbox 1227 4134 1420 4189; x_wconf 81' lang='lat' dir='ltr'><strong>copnescentem</strong></span> <span class='ocrx_word' id='word_1_402' title='bbox 1442 4130 1509 4178; x_wconf 85' lang='lat' dir='ltr'><strong>scire</strong></span> 
     </span>
     <span class='ocr_line' id='line_1_42' title="bbox 190 4195 1509 4274; baseline -0.011 -13"><span class='ocrx_word' id='word_1_403' title='bbox 190 4212 267 4274; x_wconf 87' lang='lat' dir='ltr'><strong>(corr.</strong></span> <span class='ocrx_word' id='word_1_404' title='bbox 283 4208 350 4270; x_wconf 71' lang='lat' dir='ltr'><strong>fere)</strong></span> <span class='ocrx_word' id='word_1_405' title='bbox 369 4208 397 4257; x_wconf 89' lang='lat' dir='ltr'><strong>in</strong></span> <span class='ocrx_word' id='word_1_406' title='bbox 416 4206 451 4263; x_wconf 81' lang='lat' dir='ltr'><strong>P.</strong></span> <span class='ocrx_word' id='word_1_407' title='bbox 472 4208 496 4255; x_wconf 90' lang='lat' dir='ltr'><strong>td</strong></span> <span class='ocrx_word' id='word_1_408' title='bbox 518 4214 556 4255; x_wconf 86' lang='lat' dir='ltr'><strong>est</strong></span> <span class='ocrx_word' id='word_1_409' title='bbox 576 4208 655 4258; x_wconf 82' lang='lat' dir='ltr'><strong>item,</strong></span> <span class='ocrx_word' id='word_1_410' title='bbox 680 4203 872 4261; x_wconf 74' lang='lat' dir='ltr'><strong>capraemontem</strong></span> <span class='ocrx_word' id='word_1_411' title='bbox 889 4210 915 4246; x_wconf 90' lang='lat' dir='ltr'><strong>se</strong></span> <span class='ocrx_word' id='word_1_412' title='bbox 933 4195 996 4259; x_wconf 75' lang='lat' dir='ltr'><strong>[ore.</strong></span> <span class='ocrx_word' id='word_1_413' title='bbox 1026 4223 1056 4234; x_wconf 87' lang='lat'><em>-</em></span> <span class='ocrx_word' id='word_1_414' title='bbox 1083 4198 1109 4247; x_wconf 90' lang='lat' dir='ltr'><strong>e.</strong></span> <span class='ocrx_word' id='word_1_415' title='bbox 1130 4210 1187 4244; x_wconf 88' lang='lat' dir='ltr'><strong>eum</strong></span> <span class='ocrx_word' id='word_1_416' title='bbox 1202 4207 1280 4260; x_wconf 85' lang='lat' dir='ltr'><strong>pntes</strong></span> <span class='ocrx_word' id='word_1_417' title='bbox 1298 4201 1326 4247; x_wconf 89' lang='lat' dir='ltr'><strong>in</strong></span> <span class='ocrx_word' id='word_1_418' title='bbox 1344 4198 1509 4249; x_wconf 82' lang='lat' dir='ltr'><strong>contionibus</strong></span> 
     </span>
     <span class='ocr_line' id='line_1_43' title="bbox 190 4265 1506 4340; baseline -0.011 -10"><span class='ocrx_word' id='word_1_419' title='bbox 190 4281 359 4330; x_wconf 79' lang='lat' dir='ltr'><strong>emendacio</strong></span> <span class='ocrx_word' id='word_1_420' title='bbox 377 4279 398 4326; x_wconf 85' lang='grc'><strong>0</strong></span> <span class='ocrx_word' id='word_1_421' title='bbox 418 4276 557 4340; x_wconf 70' lang='grc' dir='ltr'><strong>(οω.ει’οἰ,</strong></span> <span class='ocrx_word' id='word_1_422' title='bbox 579 4272 649 4335; x_wconf 84' lang='lat' dir='ltr'><strong>oooe</strong></span> <span class='ocrx_word' id='word_1_423' title='bbox 669 4279 757 4320; x_wconf 84' lang='lat' dir='ltr'><strong>nestra</strong></span> <span class='ocrx_word' id='word_1_424' title='bbox 777 4274 803 4319; x_wconf 89' lang='lat' dir='ltr'><strong>iu</strong></span> <span class='ocrx_word' id='word_1_425' title='bbox 823 4269 935 4319; x_wconf 80' lang='lat' dir='ltr'><strong>tectione</strong></span> <span class='ocrx_word' id='word_1_426' title='bbox 955 4271 1017 4317; x_wconf 86' lang='lat' dir='ltr'><strong>ttern</strong></span> <span class='ocrx_word' id='word_1_427' title='bbox 1037 4267 1112 4319; x_wconf 86' lang='lat' dir='ltr'><strong>abest</strong></span> <span class='ocrx_word' id='word_1_428' title='bbox 1129 4281 1143 4317; x_wconf 87' lang='lat' dir='ltr'><strong>s</strong></span> <span class='ocrx_word' id='word_1_429' title='bbox 1162 4265 1204 4325; x_wconf 79' lang='lat' dir='ltr'><strong>tt).</strong></span> <span class='ocrx_word' id='word_1_430' title='bbox 1230 4293 1260 4303; x_wconf 92' lang='lat'><strong>·-</strong></span> <span class='ocrx_word' id='word_1_431' title='bbox 1288 4269 1315 4318; x_wconf 78' lang='lat'><strong>⁷.</strong></span> <span class='ocrx_word' id='word_1_432' title='bbox 1335 4284 1349 4319; x_wconf 88' lang='lat' dir='ltr'><strong>e</strong></span> <span class='ocrx_word' id='word_1_433' title='bbox 1366 4270 1407 4328; x_wconf 87' lang='grc' dir='ltr'><strong>Ε,</strong></span> <span class='ocrx_word' id='word_1_434' title='bbox 1427 4270 1458 4318; x_wconf 87' lang='lat' dir='ltr'><strong>ds</strong></span> <span class='ocrx_word' id='word_1_435' title='bbox 1476 4268 1506 4316; x_wconf 91' lang='grc' dir='ltr'><strong>Ι..</strong></span> 
     </span>
     <span class='ocr_line' id='line_1_44' title="bbox 191 4338 1505 4402; baseline -0.009 -1"><span class='ocrx_word' id='word_1_436' title='bbox 191 4379 220 4389; x_wconf 93' lang='grc'>-</span> <span class='ocrx_word' id='word_1_437' title='bbox 240 4353 265 4402; x_wconf 88' lang='lat'><strong>8.</strong></span> <span class='ocrx_word' id='word_1_438' title='bbox 286 4353 326 4399; x_wconf 81' lang='lat' dir='ltr'><strong>bis</strong></span> <span class='ocrx_word' id='word_1_439' title='bbox 344 4350 447 4399; x_wconf 73' lang='lat' dir='ltr'><strong>Patr:</strong></span> <span class='ocrx_word' id='word_1_440' title='bbox 467 4350 500 4397; x_wconf 84' lang='lat' dir='ltr'><strong>iis</strong></span> <span class='ocrx_word' id='word_1_441' title='bbox 519 4345 596 4393; x_wconf 81' lang='lat' dir='ltr'><strong>baa.</strong></span> <span class='ocrx_word' id='word_1_442' title='bbox 618 4367 648 4379; x_wconf 93' lang='lat'>-</span> <span class='ocrx_word' id='word_1_443' title='bbox 666 4348 808 4390; x_wconf 79' lang='lat' dir='ltr'><strong>metuentes</strong></span> <span class='ocrx_word' id='word_1_444' title='bbox 825 4338 847 4387; x_wconf 84' lang='lat' dir='ltr'>T</span> <span class='ocrx_word' id='word_1_445' title='bbox 867 4339 915 4386; x_wconf 87' lang='lat' dir='ltr'><strong>bis.</strong></span> <span class='ocrx_word' id='word_1_446' title='bbox 935 4363 964 4373; x_wconf 93' lang='lat'>-</span> <span class='ocrx_word' id='word_1_447' title='bbox 986 4340 1028 4387; x_wconf 93' lang='lat' dir='ltr'><strong>te.</strong></span> <span class='ocrx_word' id='word_1_448' title='bbox 1048 4340 1159 4389; x_wconf 81' lang='lat' dir='ltr'><strong>breviter</strong></span> <span class='ocrx_word' id='word_1_449' title='bbox 1177 4338 1303 4388; x_wconf 70' lang='lat' dir='ltr'><strong>cautu:</strong></span> <span class='ocrx_word' id='word_1_450' title='bbox 1321 4340 1439 4389; x_wconf 80' lang='lat' dir='ltr'><strong>brevibus</strong></span> <span class='ocrx_word' id='word_1_451' title='bbox 1451 4338 1505 4389; x_wconf 85' lang='grc' dir='ltr'><strong>ΤΕ.</strong></span> 
     </span>
     <span class='ocr_line' id='line_1_45' title="bbox 190 4407 1505 4471; baseline -0.011 1"><span class='ocrx_word' id='word_1_452' title='bbox 190 4448 220 4459; x_wconf 95' lang='grc'><strong>-</strong></span> <span class='ocrx_word' id='word_1_453' title='bbox 242 4425 284 4471; x_wconf 89' lang='lat' dir='ltr'><strong>ii.</strong></span> <span class='ocrx_word' id='word_1_454' title='bbox 304 4423 375 4470; x_wconf 85' lang='lat' dir='ltr'><strong>debet</strong></span> <span class='ocrx_word' id='word_1_455' title='bbox 394 4431 447 4469; x_wconf 83' lang='lat' dir='ltr'><strong>esse</strong></span> <span class='ocrx_word' id='word_1_456' title='bbox 465 4414 616 4466; x_wconf 70' lang='lat' dir='ltr'><strong>Paetus:</strong></span> <span class='ocrx_word' id='word_1_457' title='bbox 637 4426 689 4461; x_wconf 82' lang='lat' dir='ltr'><strong>esse</strong></span> <span class='ocrx_word' id='word_1_458' title='bbox 705 4410 777 4460; x_wconf 86' lang='lat' dir='ltr'><strong>debet</strong></span> <span class='ocrx_word' id='word_1_459' title='bbox 797 4411 827 4459; x_wconf 88' lang='grc' dir='ltr'><strong>Ε.</strong></span> <span class='ocrx_word' id='word_1_460' title='bbox 839 4433 871 4443; x_wconf 84' lang='lat'><em>-</em></span> <span class='ocrx_word' id='word_1_461' title='bbox 892 4407 934 4457; x_wconf 88' lang='grc'><strong>14.</strong></span> <span class='ocrx_word' id='word_1_462' title='bbox 956 4416 992 4458; x_wconf 83' lang='lat' dir='ltr'><strong>est</strong></span> <span class='ocrx_word' id='word_1_463' title='bbox 1013 4410 1119 4459; x_wconf 85' lang='lat' dir='ltr'><strong>dubium</strong></span> <span class='ocrx_word' id='word_1_464' title='bbox 1132 4409 1281 4458; x_wconf 70' lang='lat' dir='ltr'><strong>eterna:</strong></span> <span class='ocrx_word' id='word_1_465' title='bbox 1302 4410 1411 4458; x_wconf 85' lang='lat' dir='ltr'><strong>dubium</strong></span> <span class='ocrx_word' id='word_1_466' title='bbox 1424 4416 1460 4459; x_wconf 84' lang='lat' dir='ltr'><strong>est</strong></span> <span class='ocrx_word' id='word_1_467' title='bbox 1474 4410 1505 4458; x_wconf 89' lang='grc' dir='ltr'><strong>Ε.</strong></span> 
     </span>
     <span class='ocr_line' id='line_1_46' title="bbox 191 4477 1505 4545; baseline -0.008 -5"><span class='ocrx_word' id='word_1_468' title='bbox 191 4518 219 4528; x_wconf 94' lang='grc'>-</span> <span class='ocrx_word' id='word_1_469' title='bbox 240 4494 284 4540; x_wconf 76' lang='lat'><strong>20.</strong></span> <span class='ocrx_word' id='word_1_470' title='bbox 304 4492 424 4540; x_wconf 82' lang='lat' dir='ltr'><strong>membris</strong></span> <span class='ocrx_word' id='word_1_471' title='bbox 441 4491 494 4537; x_wconf 84' lang='lat' dir='ltr'><strong>suis</strong></span> <span class='ocrx_word' id='word_1_472' title='bbox 513 4488 575 4535; x_wconf 84' lang='lat' dir='ltr'><strong>baec</strong></span> <span class='ocrx_word' id='word_1_473' title='bbox 594 4482 629 4545; x_wconf 88' lang='lat' dir='ltr'><strong>(td</strong></span> <span class='ocrx_word' id='word_1_474' title='bbox 656 4490 708 4540; x_wconf 87' lang='lat' dir='ltr'><strong>cst,</strong></span> <span class='ocrx_word' id='word_1_475' title='bbox 739 4492 845 4540; x_wconf 85' lang='lat' dir='ltr'><strong>prorsus</strong></span> <span class='ocrx_word' id='word_1_476' title='bbox 867 4482 1039 4540; x_wconf 84' lang='lat' dir='ltr'><strong>necessariis,</strong></span> <span class='ocrx_word' id='word_1_477' title='bbox 1071 4485 1121 4530; x_wconf 83' lang='lat' dir='ltr'><strong>ntss</strong></span> <span class='ocrx_word' id='word_1_478' title='bbox 1149 4486 1196 4531; x_wconf 84' lang='lat' dir='ltr'><strong>tris</strong></span> <span class='ocrx_word' id='word_1_479' title='bbox 1222 4480 1307 4532; x_wconf 83' lang='lat' dir='ltr'><strong>iecere</strong></span> <span class='ocrx_word' id='word_1_480' title='bbox 1332 4480 1414 4530; x_wconf 86' lang='lat' dir='ltr'><strong>velis:</strong></span> <span class='ocrx_word' id='word_1_481' title='bbox 1441 4477 1505 4541; x_wconf 82' lang='lat' dir='ltr'><strong>Oa.)</strong></span> 
     </span>
     <span class='ocr_line' id='line_1_47' title="bbox 187 4549 1504 4621; baseline -0.009 -11"><span class='ocrx_word' id='word_1_482' title='bbox 187 4561 300 4611; x_wconf 71' lang='lat' dir='ltr'><strong>Pauus</strong></span> <span class='ocrx_word' id='word_1_483' title='bbox 320 4569 346 4613; x_wconf 88' lang='lat' dir='ltr'><strong>et</strong></span> <span class='ocrx_word' id='word_1_484' title='bbox 364 4562 406 4610; x_wconf 83' lang='lat' dir='ltr'><strong>eiii</strong></span> <span class='ocrx_word' id='word_1_485' title='bbox 428 4561 547 4621; x_wconf 84' lang='lat' dir='ltr'><strong>plurimi:</strong></span> <span class='ocrx_word' id='word_1_486' title='bbox 574 4550 695 4603; x_wconf 76' lang='lat' dir='ltr'><strong>mamere</strong></span> <span class='ocrx_word' id='word_1_487' title='bbox 712 4551 775 4599; x_wconf 84' lang='lat' dir='ltr'><strong>setis</strong></span> <span class='ocrx_word' id='word_1_488' title='bbox 797 4551 894 4601; x_wconf 85' lang='lat' dir='ltr'><strong>Vioter.</strong></span> <span class='ocrx_word' id='word_1_489' title='bbox 916 4549 1024 4610; x_wconf 77' lang='lat' dir='ltr'><strong>bamb,</strong></span> <span class='ocrx_word' id='word_1_490' title='bbox 1052 4552 1171 4601; x_wconf 73' lang='lat' dir='ltr'><strong>membris</strong></span> <span class='ocrx_word' id='word_1_491' title='bbox 1190 4553 1312 4601; x_wconf 80' lang='lat' dir='ltr'><strong>omsnis</strong></span> <span class='ocrx_word' id='word_1_492' title='bbox 1330 4552 1385 4600; x_wconf 84' lang='grc' dir='ltr'><strong>ΕΕ.</strong></span> <span class='ocrx_word' id='word_1_493' title='bbox 1421 4551 1504 4607; x_wconf 79' lang='lat' dir='ltr'><strong>[Fert.</strong></span> 
     </span>
     <span class='ocr_line' id='line_1_48' title="bbox 188 4618 1504 4685; baseline -0.008 -5"><span class='ocrx_word' id='word_1_494' title='bbox 188 4633 287 4681; x_wconf 85' lang='lat' dir='ltr'><strong>duobus</strong></span> <span class='ocrx_word' id='word_1_495' title='bbox 304 4633 423 4682; x_wconf 81' lang='lat' dir='ltr'><strong>membris</strong></span> <span class='ocrx_word' id='word_1_496' title='bbox 440 4631 517 4685; x_wconf 84' lang='lat' dir='ltr'><strong>nnis,</strong></span> <span class='ocrx_word' id='word_1_497' title='bbox 545 4629 613 4675; x_wconf 87' lang='lat' dir='ltr'><strong>sieut</strong></span> <span class='ocrx_word' id='word_1_498' title='bbox 630 4628 681 4671; x_wconf 81' lang='lat' dir='ltr'><strong>tres</strong></span> <span class='ocrx_word' id='word_1_499' title='bbox 700 4633 767 4669; x_wconf 84' lang='lat' dir='ltr'><strong>unes</strong></span> <span class='ocrx_word' id='word_1_500' title='bbox 783 4635 879 4684; x_wconf 83' lang='lat' dir='ltr'><strong>passus</strong></span> <span class='ocrx_word' id='word_1_501' title='bbox 897 4621 1092 4672; x_wconf 75' lang='lat' dir='ltr'><strong>etauctscccn.</strong></span> <span class='ocrx_word' id='word_1_502' title='bbox 1111 4622 1144 4680; x_wconf 86' lang='grc'><strong>4,</strong></span> <span class='ocrx_word' id='word_1_503' title='bbox 1163 4621 1198 4678; x_wconf 82' lang='lat'><strong>7.</strong></span> <span class='ocrx_word' id='word_1_504' title='bbox 1219 4622 1261 4671; x_wconf 89' lang='grc'><strong>34.</strong></span> <span class='ocrx_word' id='word_1_505' title='bbox 1282 4618 1375 4684; x_wconf 79' lang='lat' dir='ltr'><strong>Bata.)</strong></span> <span class='ocrx_word' id='word_1_506' title='bbox 1401 4644 1432 4660; x_wconf 91' lang='lat'>-</span> <span class='ocrx_word' id='word_1_507' title='bbox 1460 4623 1504 4672; x_wconf 74' lang='grc'><strong>04.</strong></span> 
     </span>
     <span class='ocr_line' id='line_1_49' title="bbox 188 4691 1504 4766; baseline -0.008 -17"><span class='ocrx_word' id='word_1_508' title='bbox 188 4704 384 4766; x_wconf 77' lang='lat' dir='ltr'><strong>distinpncntnr</strong></span> <span class='ocrx_word' id='word_1_509' title='bbox 402 4699 529 4751; x_wconf 71' lang='lat' dir='ltr'><strong>pauet:</strong></span> <span class='ocrx_word' id='word_1_510' title='bbox 557 4696 758 4758; x_wconf 79' lang='lat' dir='ltr'><strong>distinpnnntnr</strong></span> <span class='ocrx_word' id='word_1_511' title='bbox 775 4693 829 4742; x_wconf 85' lang='grc' dir='ltr'><strong>ΕΕ.</strong></span> <span class='ocrx_word' id='word_1_512' title='bbox 860 4718 888 4728; x_wconf 97' lang='grc'>-</span> <span class='ocrx_word' id='word_1_513' title='bbox 921 4692 964 4741; x_wconf 78' lang='lat'><strong>25.</strong></span> <span class='ocrx_word' id='word_1_514' title='bbox 986 4693 1152 4742; x_wconf 83' lang='lat' dir='ltr'><strong>aduersarios</strong></span> <span class='ocrx_word' id='word_1_515' title='bbox 1176 4705 1227 4741; x_wconf 91' lang='lat' dir='ltr'><strong>om.</strong></span> <span class='ocrx_word' id='word_1_516' title='bbox 1250 4692 1293 4740; x_wconf 87' lang='lat' dir='ltr'><strong>PT</strong></span> <span class='ocrx_word' id='word_1_517' title='bbox 1319 4700 1346 4742; x_wconf 85' lang='lat' dir='ltr'><strong>et</strong></span> <span class='ocrx_word' id='word_1_518' title='bbox 1365 4691 1451 4752; x_wconf 57' lang='lat' dir='ltr'><strong>prat.</strong></span> <span class='ocrx_word' id='word_1_519' title='bbox 1472 4717 1504 4728; x_wconf 94' lang='lat'>-</span> 
     </span>
     <span class='ocr_line' id='line_1_50' title="bbox 188 4761 1502 4834; baseline -0.007 -12"><span class='ocrx_word' id='word_1_520' title='bbox 188 4773 232 4822; x_wconf 73' lang='grc'><strong>07.</strong></span> <span class='ocrx_word' id='word_1_521' title='bbox 253 4775 322 4834; x_wconf 82' lang='lat' dir='ltr'><strong>qnod</strong></span> <span class='ocrx_word' id='word_1_522' title='bbox 341 4788 392 4823; x_wconf 88' lang='lat' dir='ltr'><strong>orn.</strong></span> <span class='ocrx_word' id='word_1_523' title='bbox 406 4772 447 4820; x_wconf 88' lang='lat' dir='ltr'><strong>PB</strong></span> <span class='ocrx_word' id='word_1_524' title='bbox 467 4771 573 4830; x_wconf 77' lang='lat' dir='ltr'><strong>etttone.</strong></span> <span class='ocrx_word' id='word_1_525' title='bbox 593 4765 646 4814; x_wconf 83' lang='lat' dir='ltr'><strong>Nos</strong></span> <span class='ocrx_word' id='word_1_526' title='bbox 664 4763 827 4813; x_wconf 81' lang='lat' dir='ltr'><strong>seclusimus.</strong></span> <span class='ocrx_word' id='word_1_527' title='bbox 849 4789 877 4799; x_wconf 91' lang='lat'>-</span> <span class='ocrx_word' id='word_1_528' title='bbox 898 4763 941 4811; x_wconf 75' lang='lat'><strong>29.</strong></span> <span class='ocrx_word' id='word_1_529' title='bbox 961 4761 1134 4825; x_wconf 82' lang='lat' dir='ltr'><strong>contorsione]</strong></span> <span class='ocrx_word' id='word_1_530' title='bbox 1154 4765 1316 4811; x_wconf 79' lang='lat' dir='ltr'><strong>contentione</strong></span> <span class='ocrx_word' id='word_1_531' title='bbox 1332 4762 1397 4811; x_wconf 81' lang='lat' dir='ltr'><strong>PFT</strong></span> <span class='ocrx_word' id='word_1_532' title='bbox 1417 4768 1443 4812; x_wconf 87' lang='lat' dir='ltr'><strong>et</strong></span> <span class='ocrx_word' id='word_1_533' title='bbox 1463 4776 1502 4823; x_wconf 87' lang='lat' dir='ltr'><strong>pr.</strong></span> 
     </span>
     <span class='ocr_line' id='line_1_51' title="bbox 188 4831 1504 4903; baseline -0.01 -9"><span class='ocrx_word' id='word_1_534' title='bbox 188 4846 221 4894; x_wconf 75' lang='grc' dir='ltr'><strong>Α.</strong></span> <span class='ocrx_word' id='word_1_535' title='bbox 245 4868 275 4879; x_wconf 92' lang='lat'><strong>-·</strong></span> <span class='ocrx_word' id='word_1_536' title='bbox 296 4845 338 4893; x_wconf 90' lang='grc'><strong>30.</strong></span> <span class='ocrx_word' id='word_1_537' title='bbox 361 4855 455 4903; x_wconf 83' lang='lat' dir='ltr'><strong>corpus</strong></span> <span class='ocrx_word' id='word_1_538' title='bbox 472 4840 575 4889; x_wconf 83' lang='lat' dir='ltr'><strong>vulnere</strong></span> <span class='ocrx_word' id='word_1_539' title='bbox 593 4833 741 4886; x_wconf 69' lang='lat' dir='ltr'>PABFRT:</span> <span class='ocrx_word' id='word_1_540' title='bbox 771 4834 877 4883; x_wconf 79' lang='lat' dir='ltr'><strong>oscinere</strong></span> <span class='ocrx_word' id='word_1_541' title='bbox 894 4847 987 4895; x_wconf 83' lang='lat' dir='ltr'><strong>corpas</strong></span> <span class='ocrx_word' id='word_1_542' title='bbox 1009 4834 1039 4883; x_wconf 84' lang='lat' dir='ltr'><strong>E.</strong></span> <span class='ocrx_word' id='word_1_543' title='bbox 1058 4860 1085 4870; x_wconf 95' lang='lat'>-</span> <span class='ocrx_word' id='word_1_544' title='bbox 1105 4835 1148 4882; x_wconf 77' lang='grc'><strong>30.</strong></span> <span class='ocrx_word' id='word_1_545' title='bbox 1168 4836 1191 4880; x_wconf 82' lang='lat' dir='ltr'><strong>et</strong></span> <span class='ocrx_word' id='word_1_546' title='bbox 1210 4834 1344 4880; x_wconf 84' lang='lat' dir='ltr'><strong>continens</strong></span> <span class='ocrx_word' id='word_1_547' title='bbox 1366 4846 1419 4881; x_wconf 90' lang='lat' dir='ltr'><strong>orn.</strong></span> <span class='ocrx_word' id='word_1_548' title='bbox 1439 4831 1504 4882; x_wconf 77' lang='lat' dir='ltr'><strong>PFT</strong></span> 
     </span>
     <span class='ocr_line' id='line_1_52' title="bbox 190 4900 1501 4979; baseline -0.01 -12"><span class='ocrx_word' id='word_1_549' title='bbox 190 4922 217 4967; x_wconf 86' lang='lat' dir='ltr'><strong>st</strong></span> <span class='ocrx_word' id='word_1_550' title='bbox 226 4926 266 4977; x_wconf 87' lang='lat' dir='ltr'><strong>pr.</strong></span> <span class='ocrx_word' id='word_1_551' title='bbox 279 4914 312 4967; x_wconf 76' lang='grc' dir='ltr'><strong>Α.</strong></span> <span class='ocrx_word' id='word_1_552' title='bbox 332 4913 475 4979; x_wconf 82' lang='lat' dir='ltr'><strong>(continens</strong></span> <span class='ocrx_word' id='word_1_553' title='bbox 488 4914 545 4962; x_wconf 87' lang='lat' dir='ltr'><strong>stne</strong></span> <span class='ocrx_word' id='word_1_554' title='bbox 565 4913 588 4959; x_wconf 88' lang='lat' dir='ltr'><strong>et</strong></span> <span class='ocrx_word' id='word_1_555' title='bbox 601 4907 662 4960; x_wconf 86' lang='lat' dir='ltr'><strong>edd.</strong></span> <span class='ocrx_word' id='word_1_556' title='bbox 676 4917 742 4956; x_wconf 88' lang='lat' dir='ltr'><strong>corr.</strong></span> <span class='ocrx_word' id='word_1_557' title='bbox 758 4904 803 4962; x_wconf 78' lang='grc' dir='ltr'><strong>Α.)</strong></span> <span class='ocrx_word' id='word_1_558' title='bbox 820 4905 874 4957; x_wconf 87' lang='lat' dir='ltr'><strong>Nes</strong></span> <span class='ocrx_word' id='word_1_559' title='bbox 886 4905 1051 4958; x_wconf 82' lang='lat' dir='ltr'><strong>seclusimus.</strong></span> <span class='ocrx_word' id='word_1_560' title='bbox 1067 4927 1097 4942; x_wconf 90' lang='lat'>-</span> <span class='ocrx_word' id='word_1_561' title='bbox 1116 4901 1158 4952; x_wconf 81' lang='grc'><strong>30.</strong></span> <span class='ocrx_word' id='word_1_562' title='bbox 1172 4903 1217 4965; x_wconf 78' lang='lat' dir='ltr'><strong>eni</strong></span> <span class='ocrx_word' id='word_1_563' title='bbox 1228 4900 1286 4951; x_wconf 77' lang='lat' dir='ltr'><strong>er:</strong></span> <span class='ocrx_word' id='word_1_564' title='bbox 1306 4903 1364 4962; x_wconf 75' lang='lat' dir='ltr'><strong>onis</strong></span> <span class='ocrx_word' id='word_1_565' title='bbox 1376 4902 1501 4956; x_wconf 68' lang='lat' dir='ltr'><strong>suasu.</strong></span> 
     </span>
    </p>
   </div>
   <div class='ocr_carea' id='block_1_6' title="bbox 0 0 1620 5392">
    <p class='ocr_par' dir='ltr' id='par_1_11' title="bbox 0 0 1620 5392">
     <span class='ocr_line' id='line_1_53' title="bbox 0 0 1620 5392; baseline 0 3"><span class='ocrx_word' id='word_1_566' title='bbox 0 0 1620 5392; x_wconf 95' lang='lat' dir='ltr'><strong> </strong></span> 
     </span>
    </p>
   </div>
  </div>
 </body>
</html>
