3216 5400
66 175 68 179 Ι
155 232 219 301 tue
650 222 705 296 DE
728 225 974 294 INVENTIONE

155 395 382 463 consideratur
426 393 473 458 Dc
494 392 627 475 utraque
647 395 720 476 pust
751 388 888 476 apertius
915 385 1166 519 perscribcmusa
1200 406 1284 452 nunc
1311 387 1483 459 honestatis

154 492 296 557 rationes
316 486 453 575 primum
475 483 680 567 explicemus.

240 584 322 647 LIll.
347 583 419 646 159.
451 580 544 656 Quod
566 584 621 643 aut
641 585 741 643 totum
762 586 816 644 aut
836 576 942 662 aliqua
964 599 1006 643 cx
1026 585 1116 661 parte
1138 585 1268 664 propter
1290 601 1324 645 sc
1346 584 1482 664 petitur,

155 683 323 745 honestum
353 670 595 740 nominabimus.
641 672 762 748 Quare,
800 692 871 737 cum
901 673 969 735 eius
997 673 1077 736 duae
1105 679 1211 754 partes
1233 674 1312 749 sint,
1350 697 1483 760 quarum

135 774 253 839 ‘altera
283 767 433 852 simplex,
467 768 565 830 altera
592 767 699 831 iuncta
725 767 784 842 ΙΙΙ,
821 765 994 852 simplicem
1021 767 1110 852 prius
1133 764 1382 835 consideremus.
1427 774 1484 837 Est

155 867 252 952 igitur
272 863 305 929 in
327 883 366 928 eo
388 880 505 946 genere
526 879 637 924 omnes
658 879 709 923 res
730 879 793 924 uua
813 861 846 925 vi
867 867 960 943 atque
981 880 1044 923 uno
1067 862 1196 925 nomine
1211 864 1357 948 amplexa
1371 863 1482 934 virtus

155 964 233 1026 Nam
254 959 354 1022 virtus
375 962 423 1020 est
442 955 540 1019 animi
560 951 687 1019 habitus
709 961 837 1018 naturae
858 957 954 1019 modo
977 960 1072 1038 atquc
1093 953 1210 1019 rationi
1239 967 1479 1024 consentaneus.

158 1053 372 1132 Quamobrem
393 1048 540 1114 omnibus
561 1048 630 1112 eius
651 1049 792 1133 partibus
814 1049 961 1131 cognitis,
983 1056 1049 1114 tota
1071 1050 1118 1114 vis
1141 1050 1202 1113 crit
1217 1049 1368 1133 simplicis
1382 1055 1484 1118 hone-

158 1148 245 1213 statis
258 1140 496 1209 consideranda.
540 1139 668 1206 Habet
659 1141 754 1226 igitur
767 1152 873 1225 partes
889 1150 1055 1226 quattuor:
1079 1142 1295 1227 prudentiam,
1317 1147 1480 1226 iustitiam,

120 1259 149 1302 ΙΙ
157 1239 392 1311 tortitudinem,
415 1237 662 1322 temperantiam.
707 1239 777 1307 160.
800 1236 968 1302 Prudentia
990 1245 1038 1302 est
1058 1258 1165 1302 rerum
1187 1236 1342 1304 bonarum
1365 1250 1397 1307 et
1418 1264 1484 1307 ma-

158 1340 259 1404 larum
281 1341 526 1416 neutrarumque
547 1332 687 1396 scientia.
729 1333 838 1396 Partes
860 1331 944 1396 eius:
975 1333 1145 1408 memoria,
1168 1332 1385 1418 intelligentia,
1409 1355 1484 1422 pro·
1556 1368 1559 1373 ·

158 1428 308 1497 videntia.
351 1427 505 1492 Memoria
526 1432 591 1500 cst,
626 1444 685 1510 per
715 1446 809 1509 quam
837 1425 961 1490 animus
989 1426 1103 1511 repetit
1131 1426 1203 1502 illa,
1238 1449 1319 1512 quae
1341 1427 1481 1496 luerunt.

158 1525 366 1609 Intelligeutia
396 1529 458 1596 cst,
492 1539 550 1605 per
577 1539 672 1603 quam
702 1540 740 1595 ea
768 1521 935 1602 perspicit,
968 1528 1154 1604 quaesunt.
1198 1522 1400 1589 Providentia
1422 1533 1483 1599 est,

159 1641 217 1708 per
238 1637 331 1703 quam
353 1614 493 1681 loturum
515 1612 633 1698 aliquid
661 1612 785 1679 videtur
818 1621 906 1687 ante,
937 1634 1031 1698 quam
1058 1611 1175 1679 factum
1197 1618 1248 1680 sit.
1293 1619 1413 1682 lustitia
1436 1627 1485 1684 est

121 1738 151 1780 ΙΙ
160 1716 286 1780 babitus
308 1710 419 1787 animi,
442 1710 601 1774 communi
622 1708 756 1775 utilitate
773 1717 972 1782 conservata,
996 1728 1083 1773 suam
1099 1711 1212 1793 cuique
1228 1713 1368 1777 tribuens
1383 1711 1486 1797 digni·

102 1863 109 1878 .
159 1819 266 1875 tatem.
310 1807 387 1870 Eius
409 1802 532 1868 initium
555 1810 603 1869 est
623 1800 663 1867 ab
684 1811 794 1868 natura
815 1799 1009 1887 proiectum3
1045 1802 1159 1869 deinde
1180 1809 1333 1889 quaedam
1355 1810 1388 1871 in
1410 1828 1486 1873 con-

160 1900 357 1969 suetudinem
381 1920 422 1964 ex
442 1896 584 1962 utilitatis
604 1899 727 1962 ratione
749 1903 920 1973 veneruut3
955 1904 1064 1981 postea
1092 1917 1144 1961 res
1166 1905 1198 1961 et
1218 1903 1256 1962 ab
1278 1909 1388 1965 natura
1409 1921 1486 1987 prc-

160 1996 257 2062 lcctas
279 2003 311 2059 et
331 1996 370 2058 ab
393 1990 619 2058 consuetudine
640 1987 788 2077 probatas
810 1989 916 2074 legum
938 1998 1042 2055 metus
1064 1999 1095 2056 et
1116 1991 1229 2074 religio
1253 1997 1363 2061 sanxit
1410 1999 1482 2060 161.

161 2095 276 2157 Natura
296 2091 345 2152 ius
367 2095 432 2163 esi,
457 2088 541 2170 quod
563 2086 627 2150 non
649 2084 756 2171 opinio
773 2087 898 2170 genuit,
923 2084 978 2149 sed
992 2088 1147 2169 quaedam
1161 2089 1268 2151 innata
1281 2092 1328 2154 vis
1342 2091 1485 2165 inseruit,

123 2195 197 2253 saut
216 2185 418 2268 religionem,
439 2182 606 2264 pietatem,
634 2182 780 2265 gratiam,
806 2178 1066 2255 vindicationem,
1092 2180 1343 2260 observantiam,
1370 2185 1486 2250 verita-

161 2289 237 2346 tem.
282 2276 401 2361 Religio
431 2283 496 2351 est,
532 2294 613 2359 quae
643 2273 817 2360 superioris
849 2274 1009 2339 cuiusdam
1042 2284 1190 2353 naturae,
1225 2299 1318 2361 quam
1347 2282 1485 2346 divinam

160 2382 289 2448 vocant,
312 2391 420 2437 curam
441 2367 727 2453 caerimoniamque
749 2366 855 2446 ail‘ert;
893 2370 1007 2454 pictas,
1042 2389 1215 2455 perquam
1238 2375 1388 2457 sanguine
1411 2395 1487 2439 cun-

161 2468 273 2536 iunciis
294 2467 476 2550 patriaeque
498 2464 659 2529 benevolis
681 2461 819 2529 officium
841 2472 873 2528 et
895 2462 1027 2546 diligens
1053 2464 1201 2529 tribuitur
1223 2468 1340 2546 cultus;
1371 2470 1483 2553 gratia,

162 2564 194 2630 in
208 2584 271 2648 qua
285 2560 492 2626 amicitiarum
505 2566 536 2621 et
546 2555 723 2623 officiorum
742 2557 871 2623 alterius
889 2556 1041 2622 memoria
1054 2565 1085 2622 et
1098 2560 1318 2625 remunerandi
1341 2564 1485 2627 voluntas

124 2660 355 2732 recontinetur;
384 2651 569 2724 vindicatio,
591 2670 649 2737 per
671 2673 765 2735 quam
788 2655 834 2718 vis
856 2662 909 2717 aut
928 2652 1043 2717 iniuria
1065 2661 1096 2717 et
1117 2654 1245 2717 omuino
1268 2675 1375 2728 omne,
1399 2658 1486 2740 quod

162 2750 343 2819 obfuturum
367 2756 430 2820 est,
452 2744 651 2811 defendendo
674 2755 727 2811 aut
747 2745 927 2812 ulciscendo
945 2748 1166 2833 propulsatum
1189 2750 1404 2823 observantia,
1429 2769 1487 2835 per

163 2869 256 2933 quam
289 2844 435 2909 homines
464 2840 566 2925 aliqua
598 2838 748 2924 dignitate
779 2843 998 2905 antecedentes
1026 2839 1110 2905 cultu
1138 2841 1275 2925 quodam
1306 2851 1336 2907 et
1364 2846 1486 2909 bonore

164 2943 345 3026 dignantem
384 2935 605 3009 teuredus,
639 2956 696 3021 per
726 2956 819 3020 quam
848 2934 1009 2999 immutata
1035 2954 1087 3008 ea,
1123 2956 1203 3019 quac
1230 2944 1302 3000 sunt
1329 2945 1382 3001 aut
1413 2946 1486 3002 ante

162 3034 289 3100 suerunt
309 3038 363 3095 aut
383 3029 489 3094 lutura
510 3038 596 3106 sunt,
621 3029 777 3095 dicuntur.
819 3031 898 3095 LIV.
924 3027 1156 3094 Consuetudine
1176 3032 1225 3095 ius
1248 3039 1310 3106 est,
1333 3029 1418 3116 quod
1433 3038 1487 3096 aut

127 3127 275 3193 ucleviter
295 3146 313 3189 Ι
335 3131 445 3187 natura
466 3131 597 3187 tractum
619 3123 695 3188 aluit
717 3130 748 3186 et
769 3124 869 3186 maius
891 3120 966 3187 iecit
985 3144 1077 3199 usus,
1100 3130 1136 3187 ut
1157 3127 1360 3208 religionem
1384 3126 1486 3190 antei

164 3219 240 3304 quid
265 3239 391 3291 eorurrr,
427 3238 508 3301 quac
536 3227 607 3282 ante
637 3218 794 3293 diximus,
829 3219 868 3281 ab
897 3224 1008 3282 natura
1038 3214 1214 3299 proiectum
1244 3222 1344 3284 maius
1370 3219 1485 3284 iactum

164 3319 294 3399 propter
323 3313 582 3375 consuetudinem
611 3309 755 3375 videmus
784 3320 837 3377 aut
862 3312 977 3396 quud
967 3333 1001 3373 sn
1023 3332 1144 3375 morem
1166 3322 1304 3377 vetustas
1325 3314 1411 3400 vulgi
1433 3334 1487 3401 ap·

164 3406 350 3493 probatione
372 3402 534 3489 perduxit3
558 3408 643 3489 quod
666 3423 779 3488 genus,
801 3414 943 3514 pactum,
966 3425 1035 3490 par,
1059 3391 1249 3470 iudicatum.
1285 3409 1412 3473 Pactum
1428 3415 1486 3483 est,

166 3497 251 3584 quod
271 3499 354 3562 inter
376 3500 498 3582 aliquos
519 3500 680 3577 convenit;
702 3518 775 3584 par,
799 3501 914 3583 quod
906 3521 938 3563 m
960 3520 1069 3564 omnes
1092 3501 1255 3584 aequabile
1278 3510 1339 3578 est;
1370 3501 1492 3567 iudica·-

127 3614 155 3657 ΙΙ
166 3602 249 3668 tum,
284 3589 323 3656 de
357 3612 420 3678 quo
452 3591 581 3657 alicuius
612 3602 665 3658 aut
696 3595 916 3678 aliquornm'
907 3613 969 3656 ram
1003 3597 1164 3658 sententiis
1196 3598 1397 3660 coustitutum
1425 3605 1484 3661 est.

165 3692 250 3771 Lege
270 3687 320 3749 ius
342 3693 406 3762 est,
443 3685 527 3770 quod
548 3687 581 3751 in
604 3708 643 3751 eo
666 3689 802 3774 scripto,
833 3684 916 3772 quod
938 3689 1056 3773 populo
1079 3691 1257 3773 expositum
1279 3699 1339 3765 est,
1373 3698 1408 3754 ut
1431 3694 1488 3754 ob-

165 3788 286 3854 servet,
308 3780 495 3845 continetur.
543 3785 612 3852 163.
635 3781 799 3848 Fortitudo
821 3790 868 3847 est
888 3783 1084 3846 considerata
1102 3783 1314 3868 periculorum
1329 3787 1487 3870 susceptio

166 3886 198 3942 et
217 3875 361 3941 laborum
390 3874 564 3961 perpessio.
608 3876 684 3941 Eius
709 3884 831 3960 partes,
863 3874 1108 3960 magnificentia,
1141 3874 1282 3952 fidentia,
1319 3877 1484 3962 patientia,

105 4006 110 4017 ›
165 3971 409 4066 perseverantia.
452 3971 683 4053 Magnificentia
713 3978 761 4035 est
788 3991 896 4035 rerum
922 3990 1107 4077 magnarum
1137 3979 1169 4036 ΙΙ
1197 3971 1392 4037 excelsarum
1415 3994 1487 4037 cum

128 4067 262 4131 toanimi
282 4040 385 4149 ampla
406 4061 541 4147 quadam
564 4072 596 4128 et
617 4066 779 4149 splendida
800 4063 1017 4146 propositione
1039 4065 1165 4148 agitatio
1185 4074 1277 4150 atque
1292 4065 1489 4130 administra·

166 4163 227 4240 ΙΙο;
263 4156 389 4223 fidentia
422 4164 483 4230 est,
517 4176 574 4243 per
602 4179 695 4242 quam
727 4161 846 4243 magnis
876 4166 907 4221 et
935 4157 1103 4223 honestis
1094 4181 1127 4223 m
1149 4157 1243 4224 rebus
1264 4161 1427 4224 multum
1419 4179 1487 4246 ipse

235 4321 261 4369 l.
280 4316 451 4369 describemua
468 4315 524 4365 ΑΤ.
546 4338 576 4351 -·
591 4315 629 4366 d.
655 4324 716 4366 mut
734 4314 846 4375 ΡΑΙΙΤ,
874 4316 900 4366 id
918 4317 988 4378 quod
1009 4320 1157 4379 requireret
1174 4321 1299 4383 quonium
1318 4333 1366 4381 pro
1384 4332 1442 4368 cum
1461 4324 1488 4368 ei

165 4389 263 4441 delude
283 4396 320 4437 ΙΙΙ
339 4401 385 4450 pro
404 4389 448 4437 ΙΙΙ.
470 4411 501 4423 -
519 4386 546 4436 7.
565 4387 642 4435 modo
662 4395 739 4451 utque
756 4387 982 4437 resecuerant:
1000 4389 1088 4441 modo.
1108 4391 1208 4439 rationu·
1227 4390 1256 4441 ll.
1278 4415 1306 4426 -
1326 4390 1352 4439 9.
1373 4389 1489 4438 conside·

165 4462 252 4509 roudo
268 4459 336 4509 ΡΑΤ
354 4460 501 4522 optimique
522 4455 611 4506 0ud.:
637 4457 805 4508 considerato
823 4457 880 4507 llll·
902 4483 932 4493 -
963 4459 1007 4507 11.
1025 4456 1241 4522 neutrarumque]
1261 4464 1385 4510 utrorum
1402 4458 1485 4516 Pti'l‘,

165 4537 340 4592 utrorumque
358 4529 391 4579 R.
410 4527 454 4585 (Ut
472 4540 537 4586 nos,
557 4541 609 4590 mg.
629 4526 735 4589 licpctt.
754 4527 864 4585 Lamia:
884 4527 987 4579 videtur
1006 4529 1092 4586 coni.)
1104 4555 1133 4564 -
1157 4529 1200 4580 tu.
1220 4534 1258 4579 cat
1277 4529 1316 4580 bis
1334 4543 1386 4580 om.
1406 4528 1486 4579 ΡΑΤ.

167 4623 197 4636 -·
226 4600 270 4650 tt.
294 4600 366 4649 uidet
392 4592 516 4661 (ruimus)
534 4598 672 4648 Scbtitrius
699 4600 769 4648 coni.
807 4598 860 4649 Sed
885 4610 938 4647 nen
958 4597 1149 4651 oblitterandus
1168 4606 1207 4649 est
1225 4613 1288 4650 usus
1308 4601 1350 4650 bic
1369 4613 1439 4663 pass.
1459 4612 1486 4650 v.

165 4669 257 4718 uideri.
280 4677 307 4707 -“-
328 4665 374 4732 ΙΙΙ]
393 4676 431 4718 ΙΙΙ
447 4667 515 4718 m
535 4675 562 4718 et
579 4669 709 4732 plerique.
734 4669 780 4728 (Ut
798 4682 865 4726 nos,
886 4669 961 4720 Voss.
982 4669 1018 4718 ll.
1038 4668 1086 4731 lt.)
1105 4695 1138 4704 -
1168 4670 1210 4720 tu.
1230 4672 1349 4721 Naturae
1366 4672 1409 4720 ius
1429 4669 1486 4728 ΑἸ,

166 4750 233 4788 corr.
254 4739 274 4788 P
292 4740 400 4800 alitque·
419 4737 533 4801 (Notum
550 4740 606 4789 ctus
624 4751 664 4800 pr.
685 4735 726 4797 Ρ.)
745 4737 799 4790 Cir.
819 4738 850 4790 G.
869 4739 932 4790 bb:
954 4737 1142 4791 Consuetudtue
1158 4742 1210 4790 ius.
1229 4767 1263 4779 -
1280 4741 1375 4790 imcutt
1392 4739 1486 4790 lamb.

165 4806 257 4868 (cont.)
276 4817 302 4859 et
320 4809 467 4860 Sabutztus.
492 4834 521 4846 -
541 4809 585 4858 ild.
605 4808 645 4860 ΙΙΙ
664 4809 832 4872 deoeuulumt
850 4809 901 4862 Oa.
923 4831 955 4846 -
985 4809 1029 4861 ΙΙ.
1048 4817 1098 4862 uui
1114 4812 1218 4862 intumo
1235 4810 1321 4863 ΡΑΤΙ
1340 4818 1365 4862 et
1382 4811 1488 4862 totum

165 4877 224 4929 lttt.
247 4901 278 4915 -
296 4878 341 4929 tu.
359 4881 486 4946 coguatio
502 4877 524 4929 P
543 4885 570 4935 et
587 4890 627 4944 pr.
648 4879 737 4933 schol.
