3232 5392
567 240 643 305 LIB.
665 239 692 307 1.
738 237 775 307 G.
798 239 851 305 47.
875 236 926 306 id.
949 237 1000 303 ib.
1384 240 1442 306 tat

206 405 313 491 Ipsum
342 410 447 469 autem
475 421 573 489 genus
601 397 880 484 argumentationis
905 397 1053 464 vitiosum
1080 399 1128 463 his
1157 394 1197 463 de
1218 398 1319 466 causis
1340 408 1446 466 osten-

121 502 230 574 detur,
253 500 280 564 si
295 507 349 564 aut
368 501 401 563 in
422 500 492 582 ipso
508 496 618 561 vitium
634 496 693 560 erit
706 501 760 559 aut
781 495 807 557 si
829 514 893 557 non
913 496 953 557 ad
976 494 1027 570 id,
1050 495 1136 580 quod
1150 495 1298 568 institnit,
1321 516 1445 560 accom-

122 591 311 660 modabitur.
354 601 455 679 Atque
477 593 602 673 inipso
624 591 732 655 vitium
755 590 834 662 erit,
864 589 891 651 si
912 591 1042 654 omnino
1064 596 1163 653 totam
1185 586 1298 653 falsum
1320 592 1395 663 erit,
1418 590 1445 655 si

120 708 304 763 commune,
320 697 323 711 ’
337 688 364 753 si
386 690 531 770 vulgare,
565 687 591 751 si
613 686 697 756 leve,
731 682 757 748 si
779 690 955 756 remotum,
988 683 1017 747 si
1038 680 1118 747 mala
1140 679 1297 754 delinitio,
1320 685 1346 747 si
1369 702 1445 748 con·

120 792 315 858 traversum,
339 783 365 847 si
387 783 607 868 perspicuum,
639 778 751 844 sinon
772 797 971 851 concessum,
995 779 1021 840 si
1043 785 1149 862 turpe,
1174 778 1200 841 si
1222 774 1394 852 offensum,
1417 779 1467 842 sis

120 875 329 951 contrariam,
362 877 388 941 si
410 875 608 949 inconstans,
643 875 669 936 si
690 871 867 936 adversum.
913 874 965 939 90.
986 873 1111 936 Falsum
1133 878 1196 944 est,
1229 869 1347 956 inquo
1373 889 1446 956 per-

121 971 229 1057 spicue
250 972 447 1036 mendacium
469 976 531 1043 est,
562 969 625 1032 hoc
646 969 760 1030 modo:
798 968 868 1030 Non
890 972 1084 1051 potestesse
1106 967 1247 1051 sapiens,
1274 964 1328 1052 qui
1349 985 1446 1052 pecu-

120 1068 204 1131 niam
227 1064 368 1150 negligit.
414 1064 559 1127 Socrates
580 1069 683 1125 autem
708 1063 871 1146 pecuniam
895 1061 1082 1143 negligebat
1124 1062 1195 1124 lton
1210 1061 1307 1144 igitur
1320 1059 1446 1142 sapiens

121 1166 199 1224 erat.
243 1160 415 1223 Commune
445 1163 511 1231 est,
550 1158 634 1242 quod
663 1154 763 1221 nihilo
793 1157 893 1240 magis
922 1157 962 1219 ab
989 1152 1177 1219 adversariis
1199 1175 1291 1241 quam
1314 1175 1333 1219 a
1355 1157 1446 1220 nobis

120 1252 210 1325 iacit,
231 1254 295 1329 hoc
315 1253 426 1316 modo:
462 1250 602 1325 Idcirco,
626 1248 763 1325 iudices,
788 1251 862 1335 quia
883 1268 990 1314 veram
1012 1269 1136 1313 caussam
1158 1250 1332 1326 habebam,
1354 1247 1445 1315 brevi
1456 1269 1483 1312 u

120 1345 276 1434 peroravi.
324 1346 457 1430 Vulgare
479 1353 545 1419 est,
578 1347 663 1429 quod
685 1346 717 1408 in
740 1342 832 1408 aliam
854 1363 981 1430 quoque
1003 1365 1070 1408 rem
1092 1365 1157 1407 non
1178 1342 1388 1430 prohabilem,
1417 1344 1444 1408 si

120 1460 202 1506 nunc
229 1461 413 1505 concessum
441 1441 498 1512 sit,
532 1437 695 1504 transferri
724 1437 838 1525 possit,
871 1447 905 1502 ut
931 1440 1008 1503 hoc:
1045 1436 1079 1501 Si
1100 1457 1224 1502 causam
1246 1459 1353 1504 veram
1382 1459 1445 1505 nou

120 1536 268 1610 haberet,
290 1535 380 1598 vobis
401 1555 450 1605 se,
479 1534 618 1609 iudices,
646 1555 711 1597 non
732 1532 950 1597 commisisset.
992 1534 1077 1597 Leve
1099 1540 1160 1606 est,
1192 1536 1277 1620 quod
1298 1543 1352 1598 aut
1374 1540 1445 1620 post

121 1639 242 1715 tempus
264 1627 394 1702 dicitur,
427 1629 489 1692 hoc
511 1631 626 1692 modo:
665 1629 697 1691 Si
728 1628 760 1690 in
791 1634 928 1691 mentem
950 1629 1104 1700 venissel,
1138 1648 1201 1690 non
1223 1626 1441 1695 commisisset:

121 1733 174 1788 ant
194 1722 358 1810 perspicue
381 1730 504 1808 turpem
527 1743 594 1786 rem
615 1721 677 1786 levi
700 1729 807 1806 tegere
829 1723 897 1786 vult
917 1719 1118 1797 defensione,
1142 1720 1202 1786 hoc
1225 1717 1335 1788 modo:
1455 1738 1482 1781 ss

290 1846 365 1909 Cum
386 1853 413 1909 tc
435 1846 606 1928 repetebant
626 1863 739 1917 omues,
759 1845 972 1926 lloreruisaimo

288 1943 391 2022 Regno
411 1941 537 2022 reliqui:
559 1959 638 2002 uuuc
657 1939 804 2001 &sutum
824 1938 861 2000 ub
882 1939 1031 2013 amadus,

288 2037 411 2100 Summo
428 2036 557 2118 periclo,
580 2035 646 2098 :olo
666 2042 699 2096 ut
720 2035 894 2109 restituam,
912 2052 1004 2116 puro.

203 2178 315 2241 xllx.
344 2178 397 2241 ut.
435 2180 602 2241 Remotum
630 2182 695 2251 est,
730 2171 813 2261 quod
845 2176 927 2239 ultra
954 2195 1048 2261 quam
1078 2175 1152 2243 salis
1177 2185 1240 2253 est,
1276 2181 1443 2264 repetitur,

120 2270 313 2339 huiusmodi:
348 2269 469 2348 Quodsi
490 2290 556 2335 non
577 2273 608 2337 P.
632 2271 736 2355 Scipio
759 2267 937 2334 Corneliam
969 2268 1065 2336 filiam
1101 2270 1149 2337 Ti.
1176 2272 1315 2339 Graccho
1348 2272 1481 2341 collo-²⁰

121 2375 221 2433 cesset
248 2375 343 2451 atque
369 2387 411 2431 ex
437 2384 475 2430 ea
503 2362 583 2429 duos
606 2366 765 2429 Gracchos
787 2373 1000 2449 procreasset,
1033 2375 1138 2431 tantae
1160 2366 1331 2433 seditiones
1353 2378 1445 2435 natae

121 2482 184 2527 non
214 2469 336 2536 emant:
376 2479 472 2545 quare
505 2461 566 2525 hoc
600 2459 834 2525 incommodum
868 2458 1006 2545 Scipioni
1038 2462 1280 2527 adscribendum
1310 2464 1444 2532 videtur.

121 2556 307 2621 Huiusmodi
331 2561 379 2619 est
398 2553 451 2619 illa
473 2574 599 2640 quoque
621 2556 820 2641 conquestio:

290 2678 410 2740 Utinam
430 2697 467 2740 ue
487 2678 520 2740 iu
540 2697 658 2741 uenturo
678 2678 761 2741 Pelio
782 2677 935 2742 securibus

288 2772 382 2835 Curso
401 2772 555 2835 occidisset
575 2772 700 2854 abiegno
720 2773 761 2835 cd
781 2780 896 2835 terrem
915 2772 1032 2835 trabes!
1236 2842 1240 2851 ,
1453 2801 1480 2844 25

120 2915 259 2997 Long'us
288 2913 372 2977 enim
403 2913 533 2996 repetita
563 2920 628 2987 est,
667 2933 760 2998 quam
787 2934 839 2977 res
867 2912 1057 2995 postulabat.
1102 2915 1183 2981 hiala
1210 2913 1351 2983 definitio
1380 2924 1442 2993 est,

121 3027 190 3073 curn
212 3013 267 3071 aut
288 3007 465 3071 communia
486 3004 651 3081 describit,
682 3009 743 3071 hoc
765 3011 879 3073 modo:
918 3007 1092 3074 seditiosus
1120 3020 1168 3075 est
1190 3010 1233 3085 is,
1267 3014 1320 3098 qui
1344 3012 1443 3077 malus

120 3109 213 3187 atque
233 3099 352 3166 inutilis
373 3100 449 3165 civis
471 3108 537 3178 est3
577 3097 657 3182 (nam
688 3105 750 3166 hoc
778 3124 840 3167 non
867 3102 965 3186 magis
988 3101 1128 3168 seditiosi
1151 3125 1244 3191 quam
1267 3102 1441 3183 ambitiosi,

120 3216 213 3283 quam
235 3194 482 3272 calumniatoris,
507 3218 599 3282 quam
623 3198 756 3264 alicuius
778 3197 914 3262 hominis
936 3195 1074 3280 improbi
1096 3201 1159 3262 vim
1182 3198 1330 3264 describit
1340 3199 1360 3283 ς)
1390 3207 1445 3265 aut

120 3291 230 3357 laisum
260 3292 409 3374 quiddam
441 3293 532 3368 dicit,
568 3291 628 3359 hoc
656 3301 766 3376 pacto:
805 3295 963 3375 Sapientia
994 3300 1041 3357 est
1070 3296 1221 3376 pecuniae
1245 3296 1480 3380 quaerendaeu

120 3384 340 3470 intelligentia:
370 3393 424 3450 aut
444 3385 560 3472 aliquid
583 3408 648 3451 non
670 3407 763 3472 grave
786 3409 843 3452 nco
866 3406 1011 3471 magnum
1035 3385 1215 3461 continens,
1239 3390 1301 3454 sic:
1338 3388 1444 3455 Stulti-

120 3480 161 3543 tia
183 3486 230 3543 cst
252 3479 422 3544 immensae
445 3479 564 3564 gloriae
587 3483 751 3567 cupiditas.
796 3485 851 3546 Est
878 3483 956 3543 haec
984 3481 1111 3566 quidem
1140 3483 1288 3557 stultitia,
1323 3482 1379 3547 sed
1404 3504 1443 3550 ex

119 3583 206 3662 parte
227 3577 379 3661 quadam,
402 3596 465 3638 non
489 3594 528 3639 ex
550 3578 635 3640 omni
659 3597 775 3658 genere
798 3574 934 3640 delinita.
982 3576 1225 3642 controversum
1243 3585 1308 3653 est,
1332 3579 1441 3664 inquo

119 3671 158 3733 ad
180 3667 307 3734 dubium
331 3669 608 3735 demonstrandum
632 3672 726 3735 dubia
748 3692 840 3735 causa
862 3669 1006 3746 affertur,
1028 3673 1090 3736 hoc
1112 3670 1222 3739 modo:

286 3811 355 3874 Eho
377 3821 425 3882 tu,
448 3812 496 3884 dt,
518 3814 624 3895 quibus
644 3822 687 3876 est
702 3822 834 3895 potestus
855 3823 952 3875 ructus
973 3821 1113 3896 superum
1134 3827 1221 3900 utque
1242 3817 1386 3900 inferum,
1451 3829 1479 3875 ts

286 3906 394 3968 Pacem
414 3906 493 3968 iuter
514 3926 575 3969 sese
595 3908 769 3980 costodiunt,
791 3908 945 3988 conferunt
966 3909 1167 3972 concordium.

187 4123 214 4172 T.
235 4123 352 4172 institerit
370 4122 412 4172 ΡΑ
432 4130 459 4172 et
477 4135 544 4173 corr.
564 4123 604 4174 T:
624 4126 734 4174 iustruit
753 4137 792 4186 pr.
811 4122 848 4182 T,
868 4125 1023 4174 instituitur
1041 4124 1099 4175 llll.
1124 4151 1155 4161 -
1188 4128 1232 4177 ll.
1258 4127 1283 4176 si
1298 4141 1352 4176 nou
1375 4125 1442 4177 ΡᾹΤ

119 4199 146 4244 et
164 4199 265 4243 tanturn
284 4207 337 4243 non
357 4206 458 4243 omnes.
487 4193 520 4243 Ut
538 4207 601 4253 nos,
622 4194 696 4245 held.
717 4195 753 4242 ll.
775 4194 808 4244 lt.
825 4218 854 4231 -·
876 4195 919 4245 Ω.
939 4201 967 4243 ut
986 4195 1032 4246 boc
1051 4195 1094 4246 ΡΑ
1114 4204 1140 4248 et
1158 4209 1224 4247 corr.
1239 4196 1281 4246 T:
1299 4197 1346 4246 boc
1364 4197 1442 4246 modo

119 4264 364 4324 accusetur.
386 4263 417 4313 T.
440 4287 466 4298 -
497 4279 603 4314 courum
622 4279 710 4316 uerum
729 4264 813 4315 PhT:
833 4279 921 4315 ueram
939 4279 1047 4316 courum
1067 4267 1124 4316 llll.
1146 4293 1175 4304 -
1208 4266 1249 4316 15.
1275 4273 1324 4316 out
1340 4268 1442 4330 perspi·

118 4349 161 4385 cue
181 4334 273 4384 ΡΑΡΤ
298 4341 325 4385 et
352 4340 452 4384 tantum
472 4348 524 4386 uon
544 4349 655 4387 ornnes:
687 4342 735 4386 cut
757 4338 782 4384 ai
805 4338 941 4398 perspicue
962 4350 1022 4386 curn
1042 4336 1238 4388 Grerenburch.
1260 4336 1336 4386 Grut.
1359 4337 1387 4387 ll.
1411 4359 1442 4374 -·

118 4413 222 4469 turpem
248 4418 303 4454 rem
329 4405 440 4454 rtur:
470 4418 525 4454 rem
543 4415 646 4468 turpem
666 4407 698 4456 Ε.
729 4430 758 4441 -
791 4407 832 4456 19.
857 4410 985 4466 repetitur
1007 4408 1045 4465 T,
1066 4408 1104 4458 l.:
1133 4407 1319 4468 aperituri,
1344 4410 1442 4469 petiusr

117 4476 195 4526 Pilli-
226 4475 280 4526 etr.
301 4475 359 4525 tto.
380 4478 407 4533 Τ,
427 4473 455 4538 5.
476 4478 502 4526 o.
525 4501 552 4511 -
584 4480 626 4525 2⁰.
647 4478 796 4527 huiusmodi
815 4477 905 4527 PhllT
925 4486 951 4527 et
969 4486 1069 4528 tantum
1089 4492 1140 4528 non
1160 4489 1270 4529 omues:
1299 4478 1442 4529 boemodo

119 4546 149 4596 lt.
171 4571 200 4583 -
220 4547 265 4596 25.
285 4560 364 4595 cosso
382 4547 518 4597 occidisset
538 4547 681 4598 Oudend:
701 4561 778 4598 caeso
792 4548 971 4608 cecidissctli,
996 4562 1089 4598 cosroe
1107 4550 1261 4597 cecedimut
1279 4548 1338 4610 (stc)
1356 4562 1395 4609 pr.
1407 4548 1439 4608 P,

117 4630 207 4668 cunae
225 4616 376 4667 cecidissent
395 4619 465 4668 AllT
485 4623 598 4669 eteorr.
618 4618 648 4669 Ρ.
679 4644 708 4656 -·
740 4619 853 4682 abiegno
878 4632 929 4668 am.
957 4619 1027 4668 AllT
1052 4617 1439 4680 succrescentem.

118 4695 169 4738 cet.
191 4710 219 4722 -
240 4687 284 4738 28.
305 4689 367 4737 ciuis
386 4695 424 4736 cst
441 4689 511 4739 aul
531 4695 557 4739 et
575 4702 641 4738 corr.
663 4689 693 4738 P.
714 4687 776 4739 torn.
798 4697 835 4740 eu
855 4702 893 4750 pr.
913 4685 957 4753 P.)
979 4712 1008 4724 -
1029 4688 1072 4737 aa.
1092 4689 1205 4737 bominis
1222 4689 1336 4750 improbi
1353 4690 1439 4742 PAT:

117 4757 230 4820 tssprobi
246 4759 358 4808 bominis
377 4757 432 4808 illl.
456 4784 484 4796 -
505 4759 550 4809 ³2.
570 4759 676 4811 «hialim
695 4761 831 4810 immensu.
866 4758 937 4822 Vtrg.
957 4759 1024 4810 hen.
1044 4758 1071 4814 d,
1091 4758 1169 4808 sate
1190 4758 1299 4810 laudum
1315 4761 1441 4813 inensem

115 4829 222 4949 pupius.
232 4829 299 4950 Aac
321 4830 383 4880 lter.
404 4830 431 4890 ἓ,
452 4830 496 4890 22,
515 4828 581 4881 ib:
599 4830 716 4882 stultitia
732 4832 808 4896 parit
824 4831 964 4881 immensos
982 4829 1167 4894 cupiditates.»
1186 4829 1268 4881 Barr.
1290 4855 1320 4868 -
1345 4829 1391 4884 85.
1410 4830 1441 4884 di

148 4898 217 4952 :dit
281 4898 338 4950 Til.
599 4939 602 4945 .
