3232 5392
658 215 692 281 C.
717 216 768 278 19.
790 214 844 278 80.
868 215 921 278 21.
1381 220 1443 286 aba

128 375 276 443 Alricano
297 373 405 440 consul
426 371 495 439 luit.
551 376 657 459 Ipsum
680 373 860 456 Scipionem
882 371 1057 459 accepimus
1077 393 1143 438 non
1163 371 1312 439 infantem
1333 372 1441 442 fuisse.

125 474 222 536 Filius
244 468 370 556 quidem
394 468 479 543 eius,
503 469 546 542 is,
569 468 622 555 qui
645 467 726 533 hune
748 469 902 533 minorem
920 469 1099 550 Scipionem
1113 488 1131 532 a
1146 467 1254 532 Paullo
1271 468 1441 552 adoptavit,

126 565 153 631 si
175 583 308 648 corpore
329 562 492 638 valuisset,
517 561 668 647 imprimis
690 559 814 626 babitus
835 570 918 627 esset
939 561 1097 627 disertus:
1121 561 1259 627 indicant
1280 583 1351 628 cum
1374 585 1446 630 ora-

127 656 298 731 tiunculae,
334 666 400 723 tum
427 656 558 721 historia
589 658 741 740 quaedam
764 658 882 721 Graeca
911 655 1026 741 scripta
1055 655 1244 724 dulcissime.
1286 659 1357 724 XX.
1390 661 1443 723 78.

125 756 327 837 Numeroque
348 754 461 816 eodem
482 749 543 815 luit
564 752 636 815 Sex.
658 749 781 826 Aelius,
816 750 894 815 iuris
922 752 1048 836 quidem
1075 751 1175 817 civilis
1202 753 1342 817 omnium
1363 751 1469 839 peri-s

126 847 286 922 tissimus,
310 843 366 910 sed
388 844 482 909 etiam
504 842 543 909 ad
565 843 730 909 dicendum
751 851 899 930 paratus:
935 848 973 908 de
995 845 1169 911 minoribus
1190 856 1295 912 autem
1317 848 1353 911 G.
1378 846 1449 912 Sul-

125 941 226 1028 picius
249 939 374 1016 Gallus,
408 939 462 1025 qui
494 938 630 1004 maxime
660 940 799 1005 omnium
826 937 980 1002 nobilium
1010 939 1137 1004 Graecis
1165 939 1278 1006 litteris
1307 939 1446 1020 studuit3

126 1037 216 1120 isque
237 1043 270 1099 et
292 1042 453 1100 oratorum
483 1031 516 1099 in
538 1053 669 1099 numero
698 1041 746 1099 est
772 1029 897 1098 babitus
920 1041 951 1098 et
971 1032 1031 1100 fuit
1051 1035 1182 1121 reliquis
1203 1033 1298 1101 rebus
1321 1045 1448 1101 ornatus

129 1139 222 1215 atque
244 1130 381 1213 elegans.
432 1130 497 1193 Iam
521 1131 604 1192 enim
627 1136 695 1194 erat
715 1126 841 1194 unctior
863 1131 1015 1213 quaedam
1038 1128 1295 1218 splendidiorque
1318 1150 1450 1195 consue-

130 1222 207 1288 tudo
220 1221 380 1309 loquendi.
425 1225 521 1296 Nam,
544 1224 606 1289 hoe
618 1229 765 1309 praetore
780 1221 871 1288 ludos
887 1217 1024 1309 Apollini
1038 1222 1185 1301 faciente,
1209 1244 1279 1289 cum
1294 1222 1450 1309 Thyesten
1458 1251 1486 1292 ιο

128 1315 266 1382 fabulam
288 1315 463 1391 docuisset,
499 1317 539 1394 Q.
564 1317 699 1394 Marcio,
734 1319 789 1383 Cn.
813 1318 948 1382 Servilio
972 1316 1172 1394 consulibus,
1208 1328 1341 1384 mortem
1372 1318 1451 1384 obiit

128 1413 259 1477 Ennius.
304 1414 356 1475 79.
380 1413 455 1474 Erat
475 1408 586 1474 iisdem
609 1408 801 1496 temporibus
822 1412 870 1476 Ti.
894 1411 1068 1486 Gracchus,
1090 1413 1125 1475 P.
1150 1415 1206 1488 8.,
1230 1414 1355 1499 quibis
1377 1434 1452 1480 con-

130 1504 178 1570 sul
200 1514 232 1569 et
252 1524 366 1571 censor
385 1502 463 1579 luit,
489 1503 577 1569 cuius
600 1512 648 1568 est
669 1506 770 1570 oratio
794 1509 913 1571 Graeca
934 1504 1016 1588 apud
1037 1505 1200 1573 Rhodios:
1235 1526 1329 1590 quem
1350 1509 1451 1573 civem

129 1619 201 1664 cum
234 1619 379 1683 gravem,
414 1607 480 1663 tum
513 1598 606 1662 etiam
641 1597 843 1686 eloquentem
878 1607 998 1666 constat
1029 1598 1136 1667 fuisse.
1178 1598 1324 1668 Publium
1358 1602 1452 1668 etiam

130 1692 307 1778 Scipionem
339 1694 496 1766 Nasicam,
531 1693 585 1777 qui
614 1702 662 1758 est
684 1695 851 1758 Corculum
872 1693 1065 1780 appellatus,
1100 1695 1155 1780 qui
1176 1696 1251 1760 item
1273 1692 1322 1762 bis
1344 1696 1488 1764 consulu

129 1795 162 1853 et
183 1808 296 1852 censor
316 1786 396 1863 luit,
427 1787 570 1852 habitum
593 1787 793 1874 eloquentem
815 1787 916 1860 aiunt,
949 1786 1051 1863 illius,
1087 1789 1141 1873 qui
1163 1809 1251 1854 sacra
1274 1791 1449 1877 acceperit,

129 1881 246 1960 lilium;
282 1884 389 1947 dicunt
409 1883 504 1948 etiam
526 1885 563 1946 L.
580 1882 762 1957 Lentulum,
797 1884 851 1968 qui
874 1901 945 1946 cum
969 1882 1005 1952 C.
1024 1884 1135 1967 Figulo
1158 1883 1267 1950 consul
1296 1882 1373 1966 luit;
1410 1887 1450 1964 Q.

130 1977 344 2052 Nobiliorem,
373 1978 416 2041 bl.
433 1978 487 2053 F.,
515 1979 578 2042 iam
600 1980 703 2060 patrio
725 1974 867 2041 instituto
889 1974 1030 2042 deditum
1052 1975 1155 2042 studio
1178 1976 1371 2058 litterarum,
1400 1979 1456 2067 qui

130 2073 223 2136 etiam
246 2072 286 2149 Q.
302 2071 455 2147 Ennium,
489 2075 542 2160 qui
573 2094 643 2136 cnm
670 2080 760 2158 patre
786 2073 854 2136 eius
881 2070 915 2136 in
943 2071 1066 2138 Aetolia
1089 2073 1293 2154 militaverat,
1328 2076 1454 2142 civitate

130 2165 275 2238 donavit,
311 2185 382 2232 cum
411 2169 559 2233 triumvir
586 2165 742 2231 coloniam
772 2164 971 2243 deduxisset3
1007 2176 1040 2232 et
1070 2173 1106 2233 Τ.
1134 2171 1270 2235 Annium
1300 2173 1492 2248 Luscum,sa

130 2263 222 2326 buius
244 2261 284 2338 Q.
300 2260 401 2326 Fulvii
423 2262 591 2346 collegam,
615 2281 678 2326 non
694 2258 879 2334 indisertum
894 2263 1003 2326 dicunt
1015 2260 1124 2327 luisse.
1169 2264 1220 2328 80.
1241 2267 1343 2352 Atque
1358 2267 1454 2332 etiam

130 2358 167 2418 L.
184 2355 323 2431 Paullus,
355 2354 492 2420 Africani
514 2365 618 2442 pater,
651 2374 818 2440 personam
845 2354 997 2440 principis
1018 2355 1095 2421 civis
1117 2356 1208 2422 facila
1230 2360 1364 2428 dicendo
1386 2371 1455 2427 tue-

130 2446 241 2526 batur;
279 2458 310 2513 et
331 2470 408 2515 vero
431 2451 593 2515 etiamtum
616 2449 731 2514 Catone
752 2449 843 2525 vivo,
882 2450 937 2535 qui
958 2470 1058 2514 annos
1080 2452 1220 2536 quinque
1241 2461 1274 2518 et
1296 2459 1455 2541 octoginta

130 2553 222 2608 natus
244 2543 378 2608 excessit
398 2564 416 2608 e
438 2546 520 2621 vita,
544 2564 614 2607 cum
636 2546 764 2628 quidem
786 2563 825 2609 eo
846 2544 917 2626 ipso
939 2563 1022 2608 anno
1046 2553 1156 2610 contra
1180 2548 1249 2612 Ser.
1268 2549 1399 2614 Galbam
1414 2550 1453 2613 ad

130 2637 281 2725 populum
303 2658 423 2703 summa
445 2640 646 2704 contentione
670 2636 816 2717 dixisset,
850 2659 945 2726 quam
974 2641 1071 2704 etiam
1102 2639 1278 2706 orationem
1306 2644 1490 2728 scriptumst

131 2732 269 2817 reliquit.
314 2735 400 2798 xxl.
425 2736 476 2797 81.
510 2734 572 2797 Sed
601 2731 673 2797 vivo
703 2736 820 2800 Gatone
847 2735 986 2799 minores
1014 2742 1090 2799 natu
1111 2736 1202 2799 multi
1223 2756 1287 2800 uno
1310 2745 1453 2817 tempore

131 2836 274 2892 oratores
296 2824 481 2891 lloruerrmt.
525 2829 603 2891 Nam
625 2834 657 2891 et
677 2830 714 2891 A.
730 2828 878 2902 Albinus,
908 2827 950 2902 is,
983 2829 1038 2914 qui
1069 2832 1188 2895 Graece
1209 2827 1336 2912 scripsit
1356 2827 1454 2893 histo-

131 2925 229 2997 riam,
257 2923 311 3008 qui
332 2919 442 2986 consul
463 2940 533 2985 cum
554 2923 591 2984 L.
607 2920 738 2985 Lucullo
759 2918 836 2998 luit,
869 2931 900 2987 et
921 2922 1079 2989 litteratus
1101 2931 1133 2990 et
1155 2924 1290 2990 disertus
1311 2922 1386 3002 luit;
1422 2929 1455 2986 et

132 3017 234 3080 tenuit
262 3037 333 3082 cnm
361 3013 421 3080 boe
449 3016 554 3080 locum
582 3014 737 3101 quendam
764 3014 859 3081 etiam
881 3020 950 3082 Ser.
967 3016 1095 3083 Fulvius
1117 3027 1150 3085 et
1170 3040 1233 3084 una
1255 3021 1323 3084 Ser.
1337 3015 1453 3082 Fabius

132 3110 238 3174 Pictor
265 3119 297 3174 et
322 3109 399 3174 iuris
427 3118 460 3174 et
484 3111 659 3175 litterarum
689 3117 720 3174 et
746 3109 940 3196 antiquitatis
969 3113 1049 3176 bene
1077 3112 1214 3198 peritns;
1256 3114 1452 3198 Quintusque
1462 3131 1490 3174 ao

136 3202 248 3269 Fabius
268 3207 373 3269 Labeo
394 3201 454 3268 luit
475 3212 605 3269 ornatus
627 3202 737 3269 iisdem
759 3203 825 3270 iere
846 3203 1001 3270 laudibus.
1045 3208 1126 3271 Nam
1155 3209 1194 3284 Q.
1212 3205 1373 3283 bletellus,
1405 3207 1450 3281 is,

134 3301 222 3364 cuius
251 3307 400 3385 quattuor
424 3297 480 3364 lilii
502 3298 681 3364 consulares
702 3296 850 3377 luerunt,
886 3300 1042 3382 imprimis
1066 3309 1116 3365 est
1136 3302 1263 3366 habitus
1285 3299 1452 3385 eloquens,

133 3396 187 3481 qui
208 3413 269 3477 pro
290 3397 326 3459 L.
344 3395 435 3459 Cotta
457 3392 538 3459 dixit
559 3402 723 3459 accusante
744 3391 908 3472 Africano;
937 3392 1026 3459 cuius
1047 3400 1079 3461 et
1099 3393 1180 3460 aliae
1201 3402 1272 3461 sunt
1294 3397 1453 3461 orationes

132 3498 165 3554 et
186 3497 296 3554 contra
316 3489 364 3552 Ti.
382 3487 554 3553 Gracchum
577 3487 719 3573 expositu
741 3487 844 3552 estin
871 3488 906 3552 C.
930 3486 1042 3553 Fannii
1069 3486 1245 3554 annalibus.
1290 3491 1342 3554 82.
1373 3493 1452 3555 Tum

131 3581 199 3670 ipse
221 3588 256 3648 L.
274 3586 363 3650 Cotta
384 3591 543 3648 veterator
565 3580 705 3657 habitus,
733 3583 787 3645 sed
810 3583 844 3648 G.
861 3581 985 3646 Laelius
1007 3590 1040 3646 et
1060 3585 1095 3647 P.
1114 3580 1277 3649 Africanus
1298 3581 1452 3666 imprimis
1462 3602 1488 3645 aa

133 3677 332 3763 eloquentes,
365 3698 499 3765 quorum
528 3684 653 3741 exstant
681 3677 859 3752 orationes,
896 3695 936 3740 ex
963 3677 1078 3760 quibus
1104 3675 1276 3743 existimari
1305 3676 1344 3743 de
1366 3679 1454 3763 inge-

132 3771 192 3836 niis
214 3780 374 3836 oratorum
395 3779 512 3854 potest.
555 3772 617 3836 Sed
638 3772 721 3836 inter
741 3773 800 3834 bos
822 3776 926 3835 aetate
946 3768 1086 3852 paullum
1107 3772 1157 3834 bis
1175 3773 1364 3836 antecedens
1385 3773 1452 3835 sine

133 3869 348 3931 controversia
369 3868 440 3931 Ser.
457 3862 556 3931 Galba
577 3863 756 3952 eloquentia
776 3864 947 3951 praestitit,
973 3870 1007 3927 st
1026 3864 1175 3928 nimirum
1196 3864 1224 3928 is
1245 3867 1390 3952 princeps
1411 3884 1453 3930 ex

132 3958 252 4024 Latinis
271 3960 326 4037 illa
346 3969 507 4027 oratomm
527 3961 656 4047 propria
677 3967 710 4024 et
731 3960 819 4044 qnasi
841 3956 980 4042 legitima
1002 3974 1097 4042 opera
1118 3959 1281 4035 tractavit,
1305 3966 1341 4024 ut
1362 3978 1453 4043 epte·

134 4051 265 4120 deretur
285 4076 305 4119 a
324 4053 487 4141 proposito
510 4055 643 4119 ornandi
665 4072 773 4128 causa,
794 4059 831 4117 ut
845 4049 1016 4115 delectaret
1029 4052 1169 4126 animos,
1191 4057 1226 4115 ut
1240 4059 1489 4137 permoveretso

134 4156 171 4212 ut
191 4158 320 4234 augeret
339 4169 425 4225 rem,
448 4156 484 4214 ut
503 4148 775 4222 miserationibus,
798 4153 835 4210 ut
855 4144 1073 4209 communibus
1094 4142 1171 4210 locis
1192 4151 1345 4212 uteretur.
1389 4142 1453 4211 Sed

134 4242 244 4310 nescio
266 4246 425 4332 quomodo
444 4241 554 4321 huius,
588 4261 681 4327 quem
703 4247 826 4305 constat
846 4239 1027 4325 eloquentia
1052 4237 1267 4326 praestitisse,
1301 4236 1452 4306 exiliores

202 4453 229 4505 8.
247 4456 337 4505 mittor
347 4453 399 4506 Gu.
413 4456 439 4505 1.
453 4454 535 4506 solus.
553 4475 579 4487 -
600 4450 643 4502 18.
657 4451 817 4515 eloquentem
829 4449 920 4508 otum,
939 4448 1028 4511 ttltut,
1045 4450 1091 4512 qut
1103 4462 1184 4500 socru
1195 4450 1335 4514 occeperit,
1349 4449 1452 4515 fitium,-

134 4524 226 4576 dieunt
243 4527 323 4577 ettam
339 4524 387 4589 ις.
406 4525 450 4577 35.
467 4525 512 4575 58.
532 4521 575 4574 88.
592 4523 656 4579 70..
672 4521 829 4573 llanuttusa
849 4519 1025 4583 eloquantuu,
1043 4518 1087 4571 Μ.
1102 4507 1186 4570 altum
1203 4520 1294 4583 itlius,
1313 4522 1359 4585 qut
1375 4533 1454 4571 socru

134 4598 281 4658 occeperit,
304 4597 406 4662 fitium:
432 4594 561 4646 ettamlt.
582 4588 1050 4657 (ercon1.deutov.uunns.)-
1079 4589 1124 4641 18.
1141 4591 1231 4655 potata
1247 4591 1279 4642 u.
1301 4615 1330 4626 -
1361 4589 1405 4641 23.
1425 4598 1455 4641 ot

134 4680 196 4719 acro
216 4667 273 4717 ttbrt
294 4667 413 4730 plertqus
432 4672 459 4716 et
475 4667 509 4717 a.
547 4664 666 4717 Correxit
682 4662 775 4713 Lamb.
795 4667 822 4714 st
839 4660 871 4711 a.
891 4656 999 4724 (ntum.
1011 4671 1072 4712 asro
1085 4657 1131 4723 u.)
1145 4685 1175 4698 -
1194 4659 1240 4712 aa.
1261 4659 1293 4722 Q.
1309 4659 1407 4712 Fnbtua
1419 4662 1453 4713 a.

134 4760 170 4773 -—
188 4737 231 4787 30.
254 4736 286 4799 Q.
300 4749 401 4801 quoque
418 4735 516 4786 Fabius
533 4737 566 4788 a.
593 4759 625 4772 ·-
652 4733 696 4785 ³5.
716 4733 760 4784 ssd
778 4736 804 4783 et
823 4728 850 4782 0.
870 4731 903 4782 u.
931 4756 963 4769 -
992 4730 1037 4782 S'l.
1056 4728 1204 4796 oratorum]
1230 4743 1318 4784 comm
1336 4732 1369 4784 dc
1389 4730 1454 4784 Bru.

135 4821 208 4869 susp.
228 4807 289 4858 seb.
308 4808 345 4857 At
356 4807 404 4860 etr.
422 4804 452 4871 5.
465 4806 509 4857 tt.
528 4807 558 4856 tn
576 4809 681 4857 oraton
700 4801 795 4855 Galba.
818 4822 848 4841 ··
874 4801 920 4857 aa.
937 4801 1230 4870 ammonebant.
1251 4802 1305 4858 cu.
1325 4803 1404 4858 batur
1419 4801 1454 4857 ad

137 4878 214 4931 offiss·
234 4878 294 4930 vol·
313 4878 350 4928 Π·
372 4891 399 4944 p·
419 4879 480 4932 15⁰·
499 4876 611 4942 Qlllnllls
630 4874 658 4941 ⁴,
678 4872 706 4937 ³,
724 4873 768 4926 12·
1220 4877 1223 4881 ”

195 4984 336 5033 uenas
1080 4979 1122 5045 2³
