3232 5392
438 1000 511 1080 M.
537 997 774 1080 TULLII
807 998 1164 1080 CICERONIS
1287 1107 1292 1118 .

765 1215 819 1280 bs

298 1416 1286 1531 ORA'I'OBE

633 1680 772 1744 mmm
803 1679 941 1745 TRES.

687 1885 896 1901 m

604 2113 757 2178 mm
781 2113 983 2178 PRIMUS·

130 2329 155 2397 l
190 2331 220 2396 1.
260 2304 430 2413 Cogitanti
458 2325 536 2394 milri
562 2347 791 2412 saepenumero
820 2335 852 2394 et
876 2329 1030 2393 memoria
1055 2333 1164 2392 vetera
1195 2327 1348 2413 repetenti
1380 2347 1454 2412 per·

128 2419 216 2488 beati
238 2420 353 2498 luisse,
378 2420 495 2501 Quinte
516 2419 630 2500 frater,
653 2421 700 2488 illi
721 2420 823 2487 videri
844 2423 962 2498 solent,
985 2420 1094 2508 quiin
1116 2422 1235 2508 optima
1256 2444 1291 2488 re
1312 2419 1451 2511 publiea,

129 2537 203 2582 oum
224 2525 256 2583 et
275 2515 450 2583 honoribus
471 2522 504 2581 et
523 2536 630 2581 rerum
653 2525 811 2601 gestarum
833 2516 935 2600 gloria
954 2513 1119 2591 florerent,
1142 2537 1215 2582 enm
1229 2519 1312 2584 vitoe
1326 2537 1453 2584 cursum

128 2617 238 2676 tenere
258 2617 443 2698 potuerunt,
466 2618 501 2675 ut
520 2609 571 2674 vel
591 2611 625 2675 in
646 2609 775 2693 negotio
798 2608 866 2675 siue
888 2608 1031 2695 periculo
1052 2608 1104 2675 vel
1123 2612 1158 2676 in
1178 2608 1245 2676 otio
1265 2631 1337 2677 oum
1350 2609 1453 2696 digni-

128 2711 192 2769 tate
213 2724 284 2769 esse
303 2712 443 2788 possent.
484 2707 528 2769 Ae
548 2703 623 2776 luit.
646 2724 718 2768 oum
740 2702 817 2768 mihi
839 2725 966 2790 quoque
986 2704 1109 2770 initium
1123 2705 1344 2792 requiescendi
1357 2713 1477 2790 atquae

128 2800 267 2864 animum
289 2801 329 2864 ad
350 2802 511 2885 utriusque
532 2805 675 2862 nostrum
696 2800 857 2884 praeclara
877 2798 981 2866 studia
1002 2797 1160 2865 referendi
1187 2800 1258 2865 fore
1282 2801 1399 2865 iustum
1421 2806 1454 2865 st

120 2911 229 2979 prope
251 2893 292 2958 ab
314 2891 460 2959 omnibus
486 2911 670 2958 conoessum
696 2892 887 2970 arbitrarer,
922 2894 950 2959 si
977 2890 1116 2959 infinitus
1144 2891 1320 2959 sorensium
1345 2912 1454 2959 rorum

127 2984 221 3054 labor
247 2994 280 3053 et
306 2988 487 3052 ambitionis
516 2988 682 3070 occupatio
717 2990 850 3054 decursu
880 2990 1059 3062 honorum,
1099 2987 1193 3052 etiam
1225 2984 1336 3052 aetatis
1366 2985 1455 3053 llexu

128 3080 330 3148 constitisset
373 3085 405 3146 Β.
431 3082 534 3159 Quom
555 3100 645 3167 spem
666 3081 893 3166 eogitationum
914 3089 946 3147 et
967 3079 1170 3145 consiliorum
1191 3100 1352 3159 meorum,
1382 3099 1455 3146 oum

128 3196 240 3264 graves
261 3176 475 3243 eommunium
496 3181 693 3262 temporum,
716 3183 783 3242 tum
804 3175 885 3243 varii
906 3174 1006 3242 nostri
1021 3194 1113 3240 casus
1126 3173 1319 3243 fefellerunt.
1360 3178 1491 3253 Names

128 3273 183 3359 qui
204 3271 292 3339 loous
313 3270 426 3359 quietis
447 3279 479 3336 et
500 3270 732 3356 tranquillitatis
753 3269 956 3354 plenissimus
976 3268 1047 3337 lore
1068 3267 1253 3348 ridebatur,
1276 3269 1310 3336 in
1332 3291 1371 3337 eo
1388 3290 1456 3337 ma·

120 3366 232 3433 mimae
264 3369 364 3432 moles
396 3369 612 3432 molestiarum
645 3375 678 3431 et
710 3364 996 3432 turbulentissimae
1029 3371 1229 3451 tempestates
1251 3367 1451 3432 exstiterunt.

128 3461 238 3546 Neque
265 3480 343 3527 vero
371 3463 464 3527 nobis
492 3457 690 3547 cupientibus
711 3467 805 3546 atque
827 3458 1049 3546 exoptantibus
1071 3456 1192 3523 fructus
1213 3460 1270 3524 otii
1292 3461 1383 3526 datus
1405 3466 1455 3526 est

127 3550 243 3618 adeas
264 3563 365 3633 artes,
403 3552 518 3641 quibm
538 3573 557 3618 a
577 3554 685 3639 pneris
706 3552 805 3618 dediti
826 3551 958 3628 suimus,
994 3549 1198 3619 celebrandos
1225 3552 1452 3641 internosque

127 3646 335 3715 recolendas..
369 3653 401 3716 3.
435 3652 514 3713 Nam
544 3650 645 3734 prima
673 3656 775 3712 aetate
799 3645 966 3712 incidimus
994 3646 1028 3712 in
1054 3648 1154 3734 ipsam
1183 3646 1454 3731 perturbationem
1462 3676 1491 3718 rs

129 3741 310 3828 disciplinae
339 3745 471 3821 veteris3
507 3752 539 3808 et
566 3740 729 3808 consulatu
757 3738 940 3807 devenimus
961 3739 995 3806 in
1017 3741 1158 3807 medium
1180 3762 1287 3808 rerum
1309 3743 1453 3807 omnium

128 3843 286 3900 certamen
313 3845 406 3923 atque
430 3837 616 3916 discrimem
653 3843 686 3902 et
704 3838 766 3901 hoo
787 3843 911 3921 tempus
932 3856 1028 3903 omne
1049 3846 1122 3921 post
1143 3835 1339 3903 comulatam
1362 3833 1452 3900 obie-

128 3931 228 3995 oimm
255 3932 294 3995 iis
323 3928 487 4009 fluctibus,
521 3930 576 4019 qui
601 3942 673 4018 per·
688 3950 746 3996 nos
774 3949 793 3995 a
823 3929 985 3995 communi
1012 3940 1102 4015 peste
1130 3928 1254 4018 depulsi
1273 3929 1306 3996 in
1327 3935 1454 3994 nosmet

126 4023 214 4109 ipsos
233 4021 458 4092 redundarent.
502 4027 564 4092 Sed
587 4034 692 4092 tamen
712 4027 746 4090 in
768 4026 814 4090 eis
835 4027 887 4091 vel
908 4023 1130 4112 asperitatibus
1151 4045 1260 4092 rerum
1282 4023 1332 4090 vel
1354 4043 1454 4108 angu-
1487 4052 1490 4057 ·

127 4118 194 4182 stiis
216 4121 366 4206 temporis
388 4122 546 4205 obsequar
566 4122 677 4186 studiis
698 4119 889 4197 nostriset,
925 4126 1076 4203 quantum
1105 4118 1183 4185 mihi
1207 4117 1260 4187 vel
1284 4119 1372 4184 tram
1393 4114 1490 4188 ini-ro

127 4212 283 4279 micorum
304 4214 356 4280 vel
377 4235 489 4278 causae
512 4214 685 4281 amicorum
706 4213 760 4281 vel
779 4230 832 4279 res
853 4210 980 4299 publiea
1000 4215 1118 4279 tribuet
1139 4215 1214 4291 otii,
1245 4210 1286 4279 ad
1312 4213 1453 4279 seriben-

195 4411 223 4464 Β.
241 4414 297 4465 stus
312 4411 431 4478 pertoldo
449 4412 491 4464 ost
506 4413 538 4464 ln
555 4414 610 4466 otto
621 4426 674 4464 om.
685 4411 717 4463 s.
732 4435 762 4449 -
781 4411 808 4464 o.
820 4410 857 4463 do
873 4409 942 4476 solt,
960 4425 1021 4463 eom
1031 4411 1097 4462 mitt
1105 4410 1188 4464 Pelet.
1207 4413 1252 4465 l.s
1270 4410 1307 4463 do
1317 4410 1370 4474 [stt
1380 4410 1453 4478 qood

127 4476 165 4546 (ld
183 4489 241 4536 est:
268 4481 357 4549 quom)
373 4485 438 4535 mess
454 4483 496 4544 s.
524 4481 563 4535 Ae
580 4497 652 4534 nuso
669 4483 775 4546 ostam
789 4483 855 4534 essu
872 4483 915 4542 lt.
934 4484 972 4535 Ao
987 4484 1040 4548 {sb
1056 4483 1181 4547 qum.
1208 4495 1267 4534 m
1283 4482 1348 4534 sitos
1365 4482 1398 4535 lt·
1418 4505 1453 4521 -

126 4553 154 4604 7.
173 4552 249 4607 lotos·
266 4566 355 4605 rerum
373 4555 406 4606 Β.
435 4579 465 4593 -
493 4558 518 4603 st
535 4556 632 4605 ostatis
654 4553 730 4606 Voss.
757 4553 832 4618 prob·
851 4552 944 4605 Bello.
982 4553 1037 4617 ligo
1056 4555 1131 4614 ortus
1150 4552 1305 4607 eosdemne
1336 4556 1362 4604 st
1384 4555 1451 4605 ton·

128 4623 180 4676 01.
199 4647 234 4662 -
251 4623 329 4692 flues
347 4625 460 4677 Ernesttl
480 4637 593 4686 operte,
611 4637 672 4675 nrm
690 4623 760 4690 fisso
779 4621 906 4677 Gruterus
924 4623 1003 4675 asts.
1040 4623 1086 4674 sto
1102 4630 1191 4676 umen
1208 4621 1262 4676 tio.
1279 4623 1307 4674 Β.
1327 4630 1355 4678 st
1371 4636 1412 4687 pr.
1430 4638 1453 4676 a

128 4694 213 4747 Onon.
232 4703 313 4760 stone
332 4696 402 4748 ortt
421 4694 731 4746 utblloontrsnotatum
749 4699 799 4747 est.
818 4718 851 4730 -
879 4694 923 4745 11.
939 4694 1090 4759 punissimo
1107 4690 1161 4759 (os)
1178 4694 1211 4747 B.
1239 4715 1271 4732 -
1300 4693 1344 4746 18.
1370 4696 1452 4746 molas

127 4779 181 4817 om.
199 4765 221 4816 Β
240 4779 300 4818 snm
320 4766 463 4830 otertrque.
481 4790 515 4802 -
532 4765 576 4817 rs.
594 4767 629 4815 tta
649 4778 702 4816 om.
722 4766 763 4827 Β,
782 4765 936 4829 absorptum
955 4778 971 4816 ι
988 4764 1044 4829 syll.
1063 4777 1132 4816 m.
1152 4789 1183 4806 -
1207 4763 1254 4820 19.
1271 4764 1452 4822 ramam

96 4880 107 4899 .
127 4836 190 4896 ts:
209 4837 394 4893 redundarunt
412 4837 444 4894 ll.
464 4857 494 4882 ··
516 4837 551 4893 ets
569 4835 634 4893 tlte
652 4837 692 4894 tto
709 4835 743 4893 ll·
763 4859 794 4881 ··
813 4836 858 4896 tt.
876 4848 959 4895 rosso
975 4834 998 4892 Β
1016 4835 1081 4908 tneo
1098 4834 1144 4909 lt).
