3232 5392
431 228 557 297 eled.
602 230 638 296 C.
663 234 713 296 17.
758 231 900 296 utun.
946 229 981 294 C.
1007 233 1037 295 1.
1061 230 1091 294 2.

575 825 953 898 RHETORICORUM

736 968 787 1025 An

447 1095 501 1186 C.
541 1097 588 1184 H
608 1097 651 1186 Ε
670 1098 774 1187 ΒΕ
793 1096 1080 1189 NNlUM

543 1275 696 1338 brnen
723 1275 982 1338 secunaum

101 1649 128 1712 1.
153 1648 182 1712 1.
217 1627 261 1712 ln
282 1643 383 1732 primo
404 1645 502 1720 libro,
532 1645 686 1720 Herenni,
718 1645 854 1713 breviter
875 1647 1094 1734 exposuimus,
1117 1666 1194 1734 quas
1216 1667 1324 1714 causas
1346 1652 1426 1715 reci·

102 1759 178 1825 pere
199 1751 356 1805 oratorem
380 1747 540 1825 oporteret
560 1749 592 1805 et
612 1740 645 1804 in
666 1740 780 1827 quibus
803 1740 915 1808 officiis
940 1740 1035 1828 [artis]
1059 1741 1222 1809 elaborare
1243 1742 1426 1808 conveniret

103 1841 136 1899 et
150 1855 188 1900 ea
204 1832 305 1898 officia
320 1853 382 1919 qua
396 1837 516 1898 ratione
531 1833 677 1900 facillime
693 1837 842 1924 consequi
858 1847 974 1923 posset.
1020 1842 1155 1912 Verum,
1181 1835 1254 1922 quia
1268 1857 1371 1923 neque
1386 1833 1426 1900 de

103 1928 248 1994 omnibus
265 1925 381 2014 [rebus]
399 1928 491 1993 simul
517 1927 579 1994 dici
604 1939 726 2015 poterat
748 1930 838 1997 etde
860 1930 1005 1997 maximis
1028 1934 1123 1996 rebus
1137 1929 1271 2017 primum
1288 1929 1428 1996 scriben-

102 2020 177 2087 dum
199 2020 270 2096 tuit,
294 2043 357 2109 quo
379 2031 483 2087 cetera
506 2021 560 2088 tibi
583 2023 723 2091 faciliora
745 2025 873 2110 cognitu
895 2024 1090 2102 viderentur,
1113 2026 1155 2091 ita
1174 2023 1266 2091 nobis
1280 2023 1450 2112 placitum⁵

103 2127 164 2191 est,
186 2126 221 2182 ut
242 2138 295 2193 ea,
317 2137 399 2204 quae
420 2116 600 2183 difficillima
622 2126 738 2193 essent,
762 2119 959 2205 potissimum
980 2117 1258 2185 conscriberemus.

188 2211 356 2278 Causarum
384 2209 444 2277 tria
471 2221 543 2278 sunt
568 2232 698 2297 genera:
733 2211 1025 2288 demonstrativum,
1059 2211 1314 2288 deliberativum,
1347 2209 1429 2279 iodi-

103 2304 191 2373 cido.
233 2304 330 2373 Multo
360 2304 577 2371 difficillimum
609 2305 754 2373 iudiciale
787 2316 850 2388 est;
884 2328 961 2393 ergo
989 2308 1022 2374 id
1049 2307 1186 2394 primum
1216 2304 1426 2371 absolvemus.

102 2404 171 2466 Hoc
192 2408 224 2467 et
245 2399 351 2486 priore
371 2398 452 2466 iibro
476 2399 612 2486 egimus,
651 2423 722 2467 cum
750 2401 789 2467 de
819 2402 959 2490 quinque
990 2402 1125 2468 oratoris
1147 2398 1259 2467 officiis
1281 2408 1429 2467 tractare-

102 2516 191 2572 mus,
213 2516 347 2581 quornm
369 2494 510 2560 inventio
533 2502 564 2559 et
584 2495 683 2581 prima
706 2505 738 2562 et
758 2494 939 2562 difficillima
962 2505 1026 2575 est;
1051 2517 1151 2583 eaque
1171 2493 1264 2561 nobis
1284 2494 1345 2561 erit
1365 2498 1464 2560 hoen

102 2589 183 2656 libro
213 2594 443 2676 propemodum
473 2587 629 2666 absoluta;
668 2608 793 2675 parram
822 2596 943 2676 partem
973 2590 1040 2656 eius
1069 2590 1102 2655 io
1132 2589 1258 2679 tertium
1278 2589 1428 2656 volumen

103 2683 334 2751 transferemus.
381 2687 410 2749 2.
439 2687 486 2748 De
508 2703 564 2748 sex
585 2683 725 2769 partibus
747 2684 897 2749 orationis
918 2683 1054 2770 primum
1075 2683 1214 2750 scribere
1235 2683 1426 2770 incepimus:

102 2777 135 2843 in
156 2778 258 2865 primo
281 2778 362 2844 libro
383 2777 481 2844 locuti
504 2797 611 2843 sumus
633 2778 670 2843 de
693 2778 844 2854 exordio,
866 2777 1058 2852 narratione,
1087 2777 1258 2851 divisione,
1281 2798 1338 2842 nec
1359 2777 1429 2864 pin·

103 2870 191 2937 ribus
221 2870 342 2949 verbis,
377 2891 470 2959 quam
500 2891 628 2935 neccsse
655 2869 729 2947 tuit,
762 2892 821 2936 nea
852 2872 954 2938 minus
983 2870 1136 2947 dilucide,
1170 2892 1263 2959 quam
1293 2879 1324 2936 te
1345 2871 1428 2936 velte

103 2964 371 3033 existimabamus.
413 2964 533 3030 Deinde
555 2964 745 3031 coniunctim
767 2965 807 3031 de
830 2964 1066 3031 confirmatione
1096 2976 1127 3032 et
1148 2964 1360 3032 contutatione
1382 2964 1464 3031 ‹ti-1⁵

103 3058 238 3125 cendum
260 3059 329 3128 tuit
372 3061 477 3138 Quare
499 3080 614 3145 genera
636 3060 893 3127 constitutionum
915 3070 947 3126 et
968 3081 1075 3126 earum
1104 3069 1208 3148 partes
1229 3059 1426 3145 aperuimus3

103 3173 145 3219 ex
166 3174 229 3239 quo
252 3153 345 3220 simul
367 3152 604 3229 ostendebatur,
638 3153 798 3241 quomodo
821 3153 1075 3220 constitutionem
1098 3164 1129 3220 et
1149 3162 1255 3242 partes
1277 3152 1427 3220 constitu·

102 3246 197 3313 tionis
226 3269 320 3314 eausa
348 3247 450 3335 posita
478 3246 611 3334 reperiri
638 3257 809 3334 oporteret.
853 3247 974 3314 Deinde
992 3246 1175 3324 docuimus,
1205 3246 1430 3315 iudicationem

103 3341 366 3428 quemadmodum
398 3342 505 3430 quaeri
539 3342 737 3422 conveniret3
774 3362 836 3429 qua
871 3342 997 3408 iuventa
1034 3341 1223 3419 curandum,
1262 3350 1298 3408 ut
1326 3339 1430 3407 omnis

103 3435 184 3501 ratio
205 3436 301 3502 totius
324 3437 473 3502 orationis
495 3441 533 3504 ad
555 3457 623 3503 eam
643 3436 831 3504 conteratur.
875 3439 986 3503 Postea
1000 3440 1223 3504 admonuimus
1236 3458 1306 3505 esse
1321 3454 1467 3506 caussam

104 3528 297 3615 complures,
320 3530 434 3619 quibus
451 3531 557 3618 plures
572 3531 807 3598 constitutiones
828 3540 881 3598 aut
901 3540 1005 3620 partes
1027 3531 1284 3600 constitutionum
1305 3553 1430 3599 accom-

103 3627 318 3691 modarentur.
363 3627 402 3690 11.
425 3624 592 3712 Reliquum
613 3625 779 3694 videbatur
799 3647 886 3704 esse,
915 3636 950 3693 ut
970 3631 1223 3706 ostenderemus,
1246 3648 1327 3716 quae
1348 3625 1428 3693 ratio

173 3849 200 3897 1.
221 3853 355 3899 oratorem
372 3847 488 3913 recipere
506 3846 617 3910 AFRT,
636 3849 749 3913 racipere
768 3851 888 3899 oratores
901 3845 932 3898 B.
949 3872 977 3885 -
997 3848 1025 3902 s.
1045 3848 1078 3899 V.
1092 3850 1160 3900 artis
1177 3847 1295 3902 dotatum
1308 3862 1322 3901 a
1334 3847 1429 3900 bamb.

105 3917 278 3971 ebdemada
303 3919 481 3970 sectustmuse
512 3920 605 3983 oasam
625 3919 751 3983 partitus
778 3917 871 3986 affictis
897 3915 990 3984 (officit
1007 3919 1027 3968 F
1046 3926 1074 3971 et
1092 3932 1131 3981 pr.
1150 3916 1183 3985 Α)
1210 3923 1280 3972 urtta
1304 3918 1428 3972 Parus.

104 3989 139 4040 ut
152 3990 308 4050 Emesttus,
327 3990 349 4039 B
368 3995 450 4055 stoue
469 3993 496 4042 tu
509 3989 553 4041 ra
571 3989 688 4042 secunda
706 4002 799 4041 manus
817 3990 947 4054 nutantum
966 3991 1106 4043 tecttouem
1126 3990 1241 4045 axbtbst.
1257 4016 1288 4029 -
1307 3990 1334 4041 3.
1355 3984 1429 4055 quta]

104 4061 177 4124 quod
193 4058 298 4123 PBH,
316 4062 363 4126 pat
379 4061 413 4112 a,
442 4085 476 4097 -
506 4060 533 4111 t.
563 4062 640 4112 rebar
660 4067 720 4123 post
737 4075 761 4110 r·
782 4061 903 4111 amattur
921 4073 982 4111 eum
1000 4060 1085 4113 Codd.
1105 4061 1207 4127 attonat
1224 4064 1349 4125 expuuxtt
1366 4061 1428 4112 Sctr.

105 4129 159 4182 Nos
177 4131 342 4183 sectustmus.
362 4156 397 4167 -
426 4133 552 4182 mactante
577 4132 653 4183 rebus
670 4130 809 4181 naseas
827 4143 887 4182 cum
915 4131 1066 4196 ptertsquea
1095 4135 1221 4183 maatmts
1240 4133 1272 4183 11.
1302 4131 1363 4196 (tttc
1382 4143 1431 4193 pro

106 4209 179 4252 certo
197 4215 221 4253 r.
241 4202 318 4255 soom
335 4213 384 4253 suo
403 4201 461 4254 toea
481 4207 593 4264 postcom
613 4210 653 4254 est
672 4215 758 4266 neque
777 4201 853 4255 taette
872 4215 904 4254 eo
923 4214 1013 4255 carere
1033 4203 1196 4265 possumus.)
1223 4229 1256 4240 -
1285 4203 1312 4254 5.
1340 4204 1432 4266 itaque

105 4272 174 4325 Bet
192 4284 260 4323 corr.
280 4272 312 4322 T.
327 4299 360 4310 -
379 4272 407 4325 d.
421 4273 589 4324 remanemus
606 4272 729 4324 PAPRT·
750 4271 844 4325 Graes.
866 4296 892 4309 -
914 4272 941 4324 8.
961 4273 1086 4326 tudtetote
1103 4281 1140 4326 eat
1159 4272 1289 4324 aarum
1309 4277 1347 4323 sat
1363 4273 1432 4322 tudt·

105 4342 171 4394 sau
188 4342 244 4393 BR.
271 4364 305 4380 -
332 4343 359 4394 9.
380 4343 508 4396 tibrada
526 4347 642 4394 oratoris
661 4343 754 4410 afficite
772 4345 886 4410 putaque
908 4345 1025 4394 mosetto
1043 4346 1082 4406 P,
1114 4345 1181 4396 lttro
1206 4346 1305 4407 eptmua
1322 4356 1381 4393 cam
1399 4344 1432 4393 ds

106 4413 223 4463 oratorts
241 4411 334 4481 osseca
351 4418 528 4465 tractaremus
553 4418 684 4479 putoque,
716 4426 827 4479 qaorum
849 4416 964 4466 toomtto
987 4413 1048 4471 Au,
1077 4416 1145 4466 tttro
1168 4417 1285 4478 eptmm.
1317 4427 1374 4465 cum
1399 4415 1433 4463 ds

107 4485 235 4535 oratoriis
253 4480 311 4548 (stc)
330 4490 507 4537 tractaremus
524 4484 618 4550 affictis
636 4489 766 4550 putaque,
786 4498 895 4550 qaorum
911 4487 1030 4537 taemtta
1047 4486 1083 4547 F,
1102 4485 1170 4536 titre
1188 4488 1306 4550 opimus,
1325 4498 1383 4535 cam
1400 4484 1433 4534 ds

107 4555 224 4605 oratoris
243 4554 334 4623 affictis
352 4559 527 4607 tractavimus
548 4557 576 4605 t'.
595 4570 708 4622 qaorum
730 4558 758 4608 t'.
776 4557 893 4607 tacentia
911 4556 943 4606 Τ.
964 4581 997 4595 -
1015 4558 1059 4606 10.
1079 4569 1159 4619 sapas
1174 4554 1261 4606 PAR:
1281 4568 1313 4606 aa
1330 4567 1433 4620 quoquo

106 4624 261 4677 1111111.-
291 4626 597 4678 tocttmoetuettu:
629 4627 678 4677 too
696 4626 809 4679 talitro
829 4627 860 4677 B.
881 4650 912 4663 -
946 4627 991 4678 11.
1007 4640 1123 4690 parom
1140 4626 1199 4676 PF:
1225 4631 1380 4688 aspamam
1398 4625 1431 4685 11,

106 4698 151 4748 sed
165 4709 283 4760 paruam
299 4695 402 4748 ABRT.
416 4723 451 4734 —
470 4697 513 4747 12.
533 4695 720 4758 transferemur
737 4697 782 4748 abt
799 4699 830 4750 ds
847 4697 881 4748 1'.
897 4722 925 4735 -
947 4696 990 4748 1³.
1010 4699 1040 4748 m
1056 4698 1123 4749 libro
1139 4698 1227 4761 primo
1240 4695 1272 4746 u.
1292 4695 1432 4759 (Suspecta

107 4768 170 4820 mtbt
191 4768 257 4821 haee
276 4770 326 4818 trta
345 4770 435 4821 rerba.
455 4765 520 4831 Οι.)
540 4793 570 4805 -
591 4768 634 4818 15.
654 4771 792 4820 contestata
809 4768 854 4819 BT
867 4770 1048 4830 ,commemo
1065 4768 1097 4817 Ρ.
1116 4793 1149 4806 ·-
1176 4769 1219 4818 16.
1238 4768 1334 4818 taram
1353 4766 1429 4817 ΛΠ.

107 4861 138 4875 -
159 4840 204 4893 17.
222 4846 328 4902 partem
345 4839 421 4890 ABF.
437 4866 465 4880 -·
486 4839 531 4891 19.
551 4841 711 4892 convomeres
729 4839 807 4892 ABR.
827 4865 859 4879 -
879 4839 923 4892 aa.
949 4839 979 4890 ta
996 4837 1090 4901 umbos
1107 4837 1234 4891 PAFRT.
1245 4861 1280 4876 -
1298 4837 1360 4904 (Vr.
1383 4837 1433 4889 Pa·

108 4917 164 4965 stea
180 4935 193 4953 ·
210 4934 221 4950 ·
239 4911 502 4964 accommodarentur
518 4913 643 4976 expunatt
659 4908 734 4978 seb.)
