<?xml version="1.0" encoding="UTF-8"?>
<!DOCTYPE html PUBLIC "-//W3C//DTD XHTML 1.0 Transitional//EN"
    "http://www.w3.org/TR/xhtml1/DTD/xhtml1-transitional.dtd">
<html xmlns="http://www.w3.org/1999/xhtml" xml:lang="en" lang="en">
 <head>
  <title>
</title>
<meta http-equiv="Content-Type" content="text/html;charset=utf-8" />
  <meta name='ocr-system' content='tesseract 3.04.00' />
  <meta name='ocr-capabilities' content='ocr_page ocr_carea ocr_par ocr_line ocrx_word'/>
</head>
<body>
  <div class='ocr_page' id='page_1' title='image "./operaquaesupers04halmgoog/operaquaesupers04halmgoog_0046.png"; bbox 0 0 3232 5392; ppageno 0'>
   <div class='ocr_carea' id='block_1_1' title="bbox 569 219 1450 288">
    <p class='ocr_par' dir='ltr' id='par_1_1' title="bbox 569 219 1450 288">
     <span class='ocr_line' id='line_1_1' title="bbox 569 219 1450 288; baseline 0 -4"><span class='ocrx_word' id='word_1_1' title='bbox 569 222 646 286; x_wconf 87' lang='lat' dir='ltr'><strong>LlB.</strong></span> <span class='ocrx_word' id='word_1_2' title='bbox 670 221 712 284; x_wconf 90' lang='lat'><strong>11.</strong></span> <span class='ocrx_word' id='word_1_3' title='bbox 756 222 790 288; x_wconf 87' lang='lat' dir='ltr'><strong>C.</strong></span> <span class='ocrx_word' id='word_1_4' title='bbox 811 222 863 286; x_wconf 75' lang='lat'><strong>27.</strong></span> <span class='ocrx_word' id='word_1_5' title='bbox 885 222 938 285; x_wconf 79' lang='lat'><strong>28.</strong></span> <span class='ocrx_word' id='word_1_6' title='bbox 962 221 1015 284; x_wconf 75' lang='lat'><strong>29.</strong></span> <span class='ocrx_word' id='word_1_7' title='bbox 1411 219 1450 284; x_wconf 89' lang='lat' dir='ltr'><strong>tit</strong></span> 
     </span>
    </p>
   </div>
   <div class='ocr_carea' id='block_1_2' title="bbox 126 377 1556 3481">
    <p class='ocr_par' dir='ltr' id='par_1_2' title="bbox 126 377 1553 2443">
     <span class='ocr_line' id='line_1_2' title="bbox 126 377 1452 473; baseline -0.005 -22"><span class='ocrx_word' id='word_1_8' title='bbox 126 382 345 473; x_wconf 67' lang='lat' dir='ltr'><strong>comparandis</strong></span> <span class='ocrx_word' id='word_1_9' title='bbox 377 378 476 447; x_wconf 87' lang='lat' dir='ltr'><strong>rebus</strong></span> <span class='ocrx_word' id='word_1_10' title='bbox 507 378 636 446; x_wconf 86' lang='lat' dir='ltr'><strong>alteram</strong></span> <span class='ocrx_word' id='word_1_11' title='bbox 662 400 731 445; x_wconf 86' lang='lat' dir='ltr'><strong>rom</strong></span> <span class='ocrx_word' id='word_1_12' title='bbox 759 377 888 456; x_wconf 82' lang='lat' dir='ltr'><strong>efferre,</strong></span> <span class='ocrx_word' id='word_1_13' title='bbox 924 377 964 445; x_wconf 88' lang='lat' dir='ltr'><strong>de</strong></span> <span class='ocrx_word' id='word_1_14' title='bbox 993 400 1029 445; x_wconf 93' lang='lat' dir='ltr'><strong>re</strong></span> <span class='ocrx_word' id='word_1_15' title='bbox 1056 378 1153 444; x_wconf 86' lang='lat' dir='ltr'><strong>altera</strong></span> <span class='ocrx_word' id='word_1_16' title='bbox 1175 379 1367 444; x_wconf 76' lang='lat' dir='ltr'><strong>mentionem</strong></span> <span class='ocrx_word' id='word_1_17' title='bbox 1390 399 1452 444; x_wconf 92' lang='lat' dir='ltr'><strong>non</strong></span> 
     </span>
     <span class='ocr_line' id='line_1_3' title="bbox 126 471 1453 562; baseline -0.005 -18"><span class='ocrx_word' id='word_1_18' title='bbox 126 477 231 545; x_wconf 85' lang='lat' dir='ltr'><strong>lacere</strong></span> <span class='ocrx_word' id='word_1_19' title='bbox 252 489 307 544; x_wconf 90' lang='lat' dir='ltr'><strong>aut</strong></span> <span class='ocrx_word' id='word_1_20' title='bbox 327 473 536 562; x_wconf 89' lang='lat' dir='ltr'><strong>negligentius</strong></span> <span class='ocrx_word' id='word_1_21' title='bbox 558 475 733 560; x_wconf 87' lang='lat' dir='ltr'><strong>disputare;</strong></span> <span class='ocrx_word' id='word_1_22' title='bbox 769 482 806 540; x_wconf 86' lang='lat' dir='ltr'><strong>ut</strong></span> <span class='ocrx_word' id='word_1_23' title='bbox 826 475 870 550; x_wconf 91' lang='lat' dir='ltr'><strong>si,</strong></span> <span class='ocrx_word' id='word_1_24' title='bbox 894 495 964 540; x_wconf 92' lang='lat' dir='ltr'><strong>cum</strong></span> <span class='ocrx_word' id='word_1_25' title='bbox 986 483 1200 559; x_wconf 76' lang='lat' dir='ltr'><strong>comparetur,</strong></span> <span class='ocrx_word' id='word_1_26' title='bbox 1226 481 1333 537; x_wconf 91' lang='lat' dir='ltr'><strong>utrum</strong></span> <span class='ocrx_word' id='word_1_27' title='bbox 1358 471 1453 538; x_wconf 76' lang='lat' dir='ltr'><strong>satius</strong></span> 
     </span>
     <span class='ocr_line' id='line_1_4' title="bbox 126 564 1452 662; baseline -0.008 -23"><span class='ocrx_word' id='word_1_28' title='bbox 126 575 167 639; x_wconf 92' lang='lat' dir='ltr'><strong>sit</strong></span> <span class='ocrx_word' id='word_1_29' title='bbox 189 572 340 662; x_wconf 93' lang='lat' dir='ltr'><strong>populum</strong></span> <span class='ocrx_word' id='word_1_30' title='bbox 362 570 556 636; x_wconf 78' lang='lat' dir='ltr'><strong>frumentum</strong></span> <span class='ocrx_word' id='word_1_31' title='bbox 578 568 736 654; x_wconf 82' lang='lat' dir='ltr'><strong>accipere.</strong></span> <span class='ocrx_word' id='word_1_32' title='bbox 759 589 798 633; x_wconf 92' lang='lat' dir='ltr'><strong>an</strong></span> <span class='ocrx_word' id='word_1_33' title='bbox 820 590 901 644; x_wconf 93' lang='lat' dir='ltr'><strong>non,</strong></span> <span class='ocrx_word' id='word_1_34' title='bbox 930 590 1010 655; x_wconf 89' lang='lat' dir='ltr'><strong>qnae</strong></span> <span class='ocrx_word' id='word_1_35' title='bbox 1033 566 1198 634; x_wconf 91' lang='lat' dir='ltr'><strong>commoda</strong></span> <span class='ocrx_word' id='word_1_36' title='bbox 1219 570 1280 631; x_wconf 90' lang='lat' dir='ltr'><strong>sint</strong></span> <span class='ocrx_word' id='word_1_37' title='bbox 1302 566 1332 630; x_wconf 93' lang='lat' dir='ltr'><strong>iu</strong></span> <span class='ocrx_word' id='word_1_38' title='bbox 1356 564 1452 630; x_wconf 84' lang='lat' dir='ltr'><strong>altera</strong></span> 
     </span>
     <span class='ocr_line' id='line_1_5' title="bbox 126 657 1455 755; baseline -0.007 -22"><span class='ocrx_word' id='word_1_39' title='bbox 126 688 177 743; x_wconf 89' lang='lat' dir='ltr'><strong>re,</strong></span> <span class='ocrx_word' id='word_1_40' title='bbox 208 675 298 732; x_wconf 90' lang='lat' dir='ltr'><strong>curet</strong></span> <span class='ocrx_word' id='word_1_41' title='bbox 325 684 531 741; x_wconf 86' lang='lat' dir='ltr'><strong>enumerare;</strong></span> <span class='ocrx_word' id='word_1_42' title='bbox 571 684 651 749; x_wconf 90' lang='lat' dir='ltr'><strong>quae</strong></span> <span class='ocrx_word' id='word_1_43' title='bbox 680 662 712 727; x_wconf 94' lang='lat' dir='ltr'><strong>in</strong></span> <span class='ocrx_word' id='word_1_44' title='bbox 740 663 842 755; x_wconf 68' lang='lat' dir='ltr'><strong>altera</strong></span> <span class='ocrx_word' id='word_1_45' title='bbox 866 662 1066 727; x_wconf 89' lang='lat' dir='ltr'><strong>incommoda</strong></span> <span class='ocrx_word' id='word_1_46' title='bbox 1087 661 1164 737; x_wconf 87' lang='lat' dir='ltr'><strong>sint,</strong></span> <span class='ocrx_word' id='word_1_47' title='bbox 1199 658 1285 725; x_wconf 84' lang='lat' dir='ltr'><strong>velut</strong></span> <span class='ocrx_word' id='word_1_48' title='bbox 1307 657 1455 742; x_wconf 87' lang='lat' dir='ltr'><strong>depressa</strong></span> 
     </span>
     <span class='ocr_line' id='line_1_6' title="bbox 126 751 1477 848; baseline -0.01 -21"><span class='ocrx_word' id='word_1_49' title='bbox 126 769 304 848; x_wconf 89' lang='lat' dir='ltr'><strong>praetereat</strong></span> <span class='ocrx_word' id='word_1_50' title='bbox 330 769 384 825; x_wconf 90' lang='lat' dir='ltr'><strong>ant</strong></span> <span class='ocrx_word' id='word_1_51' title='bbox 410 780 466 834; x_wconf 91' lang='lat' dir='ltr'><strong>ea,</strong></span> <span class='ocrx_word' id='word_1_52' title='bbox 495 777 576 844; x_wconf 90' lang='lat' dir='ltr'><strong>quae</strong></span> <span class='ocrx_word' id='word_1_53' title='bbox 598 757 726 822; x_wconf 90' lang='lat' dir='ltr'><strong>minima</strong></span> <span class='ocrx_word' id='word_1_54' title='bbox 747 754 824 830; x_wconf 92' lang='lat' dir='ltr'><strong>siut,</strong></span> <span class='ocrx_word' id='word_1_55' title='bbox 849 753 940 819; x_wconf 90' lang='lat' dir='ltr'><strong>dicat.</strong></span> <span class='ocrx_word' id='word_1_56' title='bbox 982 760 1060 820; x_wconf 90' lang='lat' dir='ltr'><strong>ltem</strong></span> <span class='ocrx_word' id='word_1_57' title='bbox 1081 754 1230 820; x_wconf 85' lang='lat' dir='ltr'><strong>vitiosum</strong></span> <span class='ocrx_word' id='word_1_58' title='bbox 1250 751 1344 818; x_wconf 91' lang='lat' dir='ltr'><strong>estin</strong></span> <span class='ocrx_word' id='word_1_59' title='bbox 1359 756 1477 818; x_wconf 78' lang='lat' dir='ltr'><strong>retinas</strong></span> 
     </span>
     <span class='ocr_line' id='line_1_7' title="bbox 127 845 1453 941; baseline -0.005 -20"><span class='ocrx_word' id='word_1_60' title='bbox 127 853 345 941; x_wconf 79' lang='lat' dir='ltr'><strong>comparandis</strong></span> <span class='ocrx_word' id='word_1_61' title='bbox 367 859 495 917; x_wconf 81' lang='lat' dir='ltr'><strong>necesse</strong></span> <span class='ocrx_word' id='word_1_62' title='bbox 517 859 627 937; x_wconf 91' lang='lat' dir='ltr'><strong>putare</strong></span> <span class='ocrx_word' id='word_1_63' title='bbox 648 850 778 916; x_wconf 89' lang='lat' dir='ltr'><strong>alteram</strong></span> <span class='ocrx_word' id='word_1_64' title='bbox 792 871 859 916; x_wconf 92' lang='lat' dir='ltr'><strong>rem</strong></span> <span class='ocrx_word' id='word_1_65' title='bbox 876 849 1071 933; x_wconf 86' lang='lat' dir='ltr'><strong>vituperari,</strong></span> <span class='ocrx_word' id='word_1_66' title='bbox 1095 869 1166 914; x_wconf 92' lang='lat' dir='ltr'><strong>cum</strong></span> <span class='ocrx_word' id='word_1_67' title='bbox 1181 851 1311 913; x_wconf 91' lang='lat' dir='ltr'><strong>alteram</strong></span> <span class='ocrx_word' id='word_1_68' title='bbox 1327 845 1453 914; x_wconf 83' lang='lat' dir='ltr'><strong>laudes:</strong></span> 
     </span>
     <span class='ocr_line' id='line_1_8' title="bbox 128 937 1455 1037; baseline -0.008 -21"><span class='ocrx_word' id='word_1_69' title='bbox 128 950 214 1037; x_wconf 90' lang='lat' dir='ltr'><strong>quod</strong></span> <span class='ocrx_word' id='word_1_70' title='bbox 236 970 350 1032; x_wconf 91' lang='lat' dir='ltr'><strong>genus,</strong></span> <span class='ocrx_word' id='word_1_71' title='bbox 371 948 397 1012; x_wconf 91' lang='lat' dir='ltr'><strong>si</strong></span> <span class='ocrx_word' id='word_1_72' title='bbox 419 955 600 1034; x_wconf 89' lang='lat' dir='ltr'><strong>quaeratur,</strong></span> <span class='ocrx_word' id='word_1_73' title='bbox 627 944 707 1010; x_wconf 90' lang='lat' dir='ltr'><strong>utris</strong></span> <span class='ocrx_word' id='word_1_74' title='bbox 729 943 831 1009; x_wconf 91' lang='lat' dir='ltr'><strong>maior</strong></span> <span class='ocrx_word' id='word_1_75' title='bbox 852 947 955 1010; x_wconf 89' lang='lat' dir='ltr'><strong>honor</strong></span> <span class='ocrx_word' id='word_1_76' title='bbox 976 941 1138 1008; x_wconf 86' lang='lat' dir='ltr'><strong>habendus</strong></span> <span class='ocrx_word' id='word_1_77' title='bbox 1160 941 1217 1016; x_wconf 89' lang='lat' dir='ltr'><strong>sit,</strong></span> <span class='ocrx_word' id='word_1_78' title='bbox 1252 937 1455 1017; x_wconf 77' lang='lat' dir='ltr'><strong>Albensibus,</strong></span> 
     </span>
     <span class='ocr_line' id='line_1_9' title="bbox 128 1035 1457 1125; baseline -0.006 -17"><span class='ocrx_word' id='word_1_79' title='bbox 128 1065 168 1109; x_wconf 88' lang='lat' dir='ltr'><strong>an</strong></span> <span class='ocrx_word' id='word_1_80' title='bbox 189 1042 324 1110; x_wconf 74' lang='lat' dir='ltr'><strong>Vestinis</strong></span> <span class='ocrx_word' id='word_1_81' title='bbox 346 1040 565 1115; x_wconf 90' lang='lat' dir='ltr'><strong>Pinnensibus,</strong></span> <span class='ocrx_word' id='word_1_82' title='bbox 588 1037 674 1125; x_wconf 88' lang='lat' dir='ltr'><strong>quod</strong></span> <span class='ocrx_word' id='word_1_83' title='bbox 695 1038 742 1103; x_wconf 90' lang='lat' dir='ltr'><strong>rei</strong></span> <span class='ocrx_word' id='word_1_84' title='bbox 765 1035 908 1124; x_wconf 90' lang='lat' dir='ltr'><strong>publicae</strong></span> <span class='ocrx_word' id='word_1_85' title='bbox 929 1037 1037 1125; x_wconf 90' lang='lat' dir='ltr'><strong>populi</strong></span> <span class='ocrx_word' id='word_1_86' title='bbox 1060 1037 1191 1102; x_wconf 85' lang='lat' dir='ltr'><strong>lloruani</strong></span> <span class='ocrx_word' id='word_1_87' title='bbox 1206 1035 1401 1123; x_wconf 87' lang='lat' dir='ltr'><strong>proluerint,</strong></span> <span class='ocrx_word' id='word_1_88' title='bbox 1425 1044 1457 1102; x_wconf 88' lang='lat' dir='ltr'><strong>et</strong></span> 
     </span>
     <span class='ocr_line' id='line_1_10' title="bbox 128 1130 1456 1223; baseline -0.005 -21"><span class='ocrx_word' id='word_1_89' title='bbox 128 1138 173 1213; x_wconf 93' lang='lat' dir='ltr'><strong>is,</strong></span> <span class='ocrx_word' id='word_1_90' title='bbox 197 1136 251 1223; x_wconf 87' lang='lat' dir='ltr'><strong>qui</strong></span> <span class='ocrx_word' id='word_1_91' title='bbox 273 1135 355 1200; x_wconf 89' lang='lat' dir='ltr'><strong>dicat</strong></span> <span class='ocrx_word' id='word_1_92' title='bbox 376 1132 416 1199; x_wconf 89' lang='lat' dir='ltr'><strong>ab</strong></span> <span class='ocrx_word' id='word_1_93' title='bbox 437 1133 558 1206; x_wconf 90' lang='lat' dir='ltr'><strong>alteris,</strong></span> <span class='ocrx_word' id='word_1_94' title='bbox 582 1132 697 1197; x_wconf 88' lang='lat' dir='ltr'><strong>alteros</strong></span> <span class='ocrx_word' id='word_1_95' title='bbox 719 1132 828 1197; x_wconf 82' lang='lat' dir='ltr'><strong>laedat</strong></span> <span class='ocrx_word' id='word_1_96' title='bbox 873 1136 942 1198; x_wconf 93' lang='lat' dir='ltr'><strong>Non</strong></span> <span class='ocrx_word' id='word_1_97' title='bbox 964 1133 1046 1198; x_wconf 91' lang='lat' dir='ltr'><strong>enim</strong></span> <span class='ocrx_word' id='word_1_98' title='bbox 1069 1152 1197 1197; x_wconf 86' lang='lat' dir='ltr'><strong>necesse</strong></span> <span class='ocrx_word' id='word_1_99' title='bbox 1214 1141 1276 1205; x_wconf 90' lang='lat' dir='ltr'><strong>est,</strong></span> <span class='ocrx_word' id='word_1_100' title='bbox 1299 1131 1325 1196; x_wconf 91' lang='lat' dir='ltr'><strong>si</strong></span> <span class='ocrx_word' id='word_1_101' title='bbox 1340 1130 1456 1196; x_wconf 91' lang='lat' dir='ltr'><strong>alteros</strong></span> 
     </span>
     <span class='ocr_line' id='line_1_11' title="bbox 128 1223 1494 1317; baseline -0.007 -21"><span class='ocrx_word' id='word_1_102' title='bbox 128 1251 319 1317; x_wconf 89' lang='lat' dir='ltr'><strong>praeponas,</strong></span> <span class='ocrx_word' id='word_1_103' title='bbox 340 1229 457 1294; x_wconf 91' lang='lat' dir='ltr'><strong>alteros</strong></span> <span class='ocrx_word' id='word_1_104' title='bbox 478 1227 673 1309; x_wconf 85' lang='lat' dir='ltr'><strong>vituperare;</strong></span> <span class='ocrx_word' id='word_1_105' title='bbox 709 1223 777 1291; x_wconf 86' lang='lat' dir='ltr'><strong>fieri</strong></span> <span class='ocrx_word' id='word_1_106' title='bbox 800 1225 882 1290; x_wconf 90' lang='lat' dir='ltr'><strong>enim</strong></span> <span class='ocrx_word' id='word_1_107' title='bbox 905 1237 1023 1314; x_wconf 88' lang='lat' dir='ltr'><strong>potest,</strong></span> <span class='ocrx_word' id='word_1_108' title='bbox 1056 1235 1104 1302; x_wconf 95' lang='lat' dir='ltr'><strong>ut,</strong></span> <span class='ocrx_word' id='word_1_109' title='bbox 1133 1247 1204 1290; x_wconf 89' lang='lat' dir='ltr'><strong>curu</strong></span> <span class='ocrx_word' id='word_1_110' title='bbox 1227 1226 1342 1291; x_wconf 90' lang='lat' dir='ltr'><strong>alteros</strong></span> <span class='ocrx_word' id='word_1_111' title='bbox 1358 1224 1456 1310; x_wconf 90' lang='lat' dir='ltr'><strong>magis</strong></span> <span class='ocrx_word' id='word_1_112' title='bbox 1466 1244 1494 1285; x_wconf 80' lang='lat' dir='ltr'><strong>so</strong></span> 
     </span>
     <span class='ocr_line' id='line_1_12' title="bbox 129 1318 1456 1409; baseline -0.005 -19"><span class='ocrx_word' id='word_1_113' title='bbox 129 1324 286 1400; x_wconf 88' lang='lat' dir='ltr'><strong>laudaris,</strong></span> <span class='ocrx_word' id='word_1_114' title='bbox 321 1322 456 1409; x_wconf 91' lang='lat' dir='ltr'><strong>aliquam</strong></span> <span class='ocrx_word' id='word_1_115' title='bbox 489 1319 595 1385; x_wconf 89' lang='lat' dir='ltr'><strong>alteris</strong></span> <span class='ocrx_word' id='word_1_116' title='bbox 624 1318 725 1384; x_wconf 87' lang='lat' dir='ltr'><strong>laudis</strong></span> <span class='ocrx_word' id='word_1_117' title='bbox 752 1331 871 1406; x_wconf 91' lang='lat' dir='ltr'><strong>partem</strong></span> <span class='ocrx_word' id='word_1_118' title='bbox 899 1320 1069 1396; x_wconf 89' lang='lat' dir='ltr'><strong>attribuas,</strong></span> <span class='ocrx_word' id='word_1_119' title='bbox 1106 1341 1145 1384; x_wconf 90' lang='lat' dir='ltr'><strong>uo</strong></span> <span class='ocrx_word' id='word_1_120' title='bbox 1168 1320 1280 1405; x_wconf 91' lang='lat' dir='ltr'><strong>cupide</strong></span> <span class='ocrx_word' id='word_1_121' title='bbox 1301 1340 1456 1408; x_wconf 79' lang='lat' dir='ltr'><strong>pugnasse</strong></span> 
     </span>
     <span class='ocr_line' id='line_1_13' title="bbox 129 1412 1457 1501; baseline -0.004 -17"><span class='ocrx_word' id='word_1_122' title='bbox 129 1428 238 1484; x_wconf 88' lang='lat' dir='ltr'><strong>contra</strong></span> <span class='ocrx_word' id='word_1_123' title='bbox 258 1417 422 1483; x_wconf 85' lang='lat' dir='ltr'><strong>veritatem</strong></span> <span class='ocrx_word' id='word_1_124' title='bbox 443 1414 574 1501; x_wconf 90' lang='lat' dir='ltr'><strong>puteris.</strong></span> <span class='ocrx_word' id='word_1_125' title='bbox 616 1417 693 1478; x_wconf 91' lang='lat' dir='ltr'><strong>liem</strong></span> <span class='ocrx_word' id='word_1_126' title='bbox 717 1413 864 1480; x_wconf 88' lang='lat' dir='ltr'><strong>vitiosum</strong></span> <span class='ocrx_word' id='word_1_127' title='bbox 886 1424 933 1481; x_wconf 92' lang='lat' dir='ltr'><strong>est</strong></span> <span class='ocrx_word' id='word_1_128' title='bbox 953 1414 993 1480; x_wconf 89' lang='lat' dir='ltr'><strong>de</strong></span> <span class='ocrx_word' id='word_1_129' title='bbox 1015 1413 1143 1480; x_wconf 90' lang='lat' dir='ltr'><strong>nomine</strong></span> <span class='ocrx_word' id='word_1_130' title='bbox 1165 1423 1197 1478; x_wconf 90' lang='lat' dir='ltr'><strong>et</strong></span> <span class='ocrx_word' id='word_1_131' title='bbox 1217 1412 1373 1480; x_wconf 82' lang='lat' dir='ltr'><strong>vocabulo</strong></span> <span class='ocrx_word' id='word_1_132' title='bbox 1388 1413 1457 1479; x_wconf 89' lang='lat' dir='ltr'><strong>eius</strong></span> 
     </span>
     <span class='ocr_line' id='line_1_14' title="bbox 129 1508 1553 1596; baseline -0.003 -18"><span class='ocrx_word' id='word_1_133' title='bbox 129 1513 176 1578; x_wconf 85' lang='lat' dir='ltr'><strong>rei</strong></span> <span class='ocrx_word' id='word_1_134' title='bbox 196 1510 444 1578; x_wconf 87' lang='lat' dir='ltr'><strong>controversiam</strong></span> <span class='ocrx_word' id='word_1_135' title='bbox 466 1517 606 1580; x_wconf 89' lang='lat' dir='ltr'><strong>struere,</strong></span> <span class='ocrx_word' id='word_1_136' title='bbox 629 1528 724 1594; x_wconf 89' lang='lat' dir='ltr'><strong>quarn</strong></span> <span class='ocrx_word' id='word_1_137' title='bbox 746 1529 815 1572; x_wconf 91' lang='lat' dir='ltr'><strong>rem</strong></span> <span class='ocrx_word' id='word_1_138' title='bbox 837 1508 1032 1578; x_wconf 89' lang='lat' dir='ltr'><strong>consuetudo</strong></span> <span class='ocrx_word' id='word_1_139' title='bbox 1047 1510 1165 1596; x_wconf 88' lang='lat' dir='ltr'><strong>optime</strong></span> <span class='ocrx_word' id='word_1_140' title='bbox 1181 1518 1285 1594; x_wconf 89' lang='lat' dir='ltr'><strong>potest</strong></span> <span class='ocrx_word' id='word_1_141' title='bbox 1299 1509 1455 1587; x_wconf 90' lang='lat' dir='ltr'><strong>iudicare;</strong></span> <span class='ocrx_word' id='word_1_142' title='bbox 1550 1554 1553 1560; x_wconf 90' lang='lat'>-</span> 
     </span>
     <span class='ocr_line' id='line_1_15' title="bbox 129 1601 1457 1692; baseline -0.003 -20"><span class='ocrx_word' id='word_1_143' title='bbox 129 1607 215 1672; x_wconf 86' lang='lat' dir='ltr'><strong>velut</strong></span> <span class='ocrx_word' id='word_1_144' title='bbox 236 1605 407 1692; x_wconf 81' lang='lat' dir='ltr'><strong>Sulpicius,</strong></span> <span class='ocrx_word' id='word_1_145' title='bbox 430 1603 484 1691; x_wconf 91' lang='lat' dir='ltr'><strong>qui</strong></span> <span class='ocrx_word' id='word_1_146' title='bbox 504 1601 741 1678; x_wconf 77' lang='lat' dir='ltr'><strong>intercesserat,</strong></span> <span class='ocrx_word' id='word_1_147' title='bbox 764 1624 803 1668; x_wconf 90' lang='lat' dir='ltr'><strong>ne</strong></span> <span class='ocrx_word' id='word_1_148' title='bbox 825 1606 948 1685; x_wconf 81' lang='lat' dir='ltr'><strong>exules,</strong></span> <span class='ocrx_word' id='word_1_149' title='bbox 982 1602 1097 1692; x_wconf 90' lang='lat' dir='ltr'><strong>quibus</strong></span> <span class='ocrx_word' id='word_1_150' title='bbox 1119 1623 1244 1668; x_wconf 90' lang='lat' dir='ltr'><strong>causam</strong></span> <span class='ocrx_word' id='word_1_151' title='bbox 1266 1603 1372 1669; x_wconf 85' lang='lat' dir='ltr'><strong>dicere</strong></span> <span class='ocrx_word' id='word_1_152' title='bbox 1394 1625 1457 1668; x_wconf 95' lang='lat' dir='ltr'><strong>non</strong></span> 
     </span>
     <span class='ocr_line' id='line_1_16' title="bbox 130 1694 1493 1783; baseline -0.001 -18"><span class='ocrx_word' id='word_1_153' title='bbox 130 1700 286 1776; x_wconf 84' lang='lat' dir='ltr'><strong>licuisset,</strong></span> <span class='ocrx_word' id='word_1_154' title='bbox 309 1704 553 1771; x_wconf 83' lang='lat' dir='ltr'><strong>reducerentur,</strong></span> <span class='ocrx_word' id='word_1_155' title='bbox 583 1694 684 1772; x_wconf 90' lang='lat' dir='ltr'><strong>idem,</strong></span> <span class='ocrx_word' id='word_1_156' title='bbox 716 1699 872 1783; x_wconf 90' lang='lat' dir='ltr'><strong>posterius</strong></span> <span class='ocrx_word' id='word_1_157' title='bbox 894 1699 1054 1765; x_wconf 91' lang='lat' dir='ltr'><strong>immutata</strong></span> <span class='ocrx_word' id='word_1_158' title='bbox 1077 1698 1254 1774; x_wconf 83' lang='lat' dir='ltr'><strong>voluntate,</strong></span> <span class='ocrx_word' id='word_1_159' title='bbox 1290 1719 1361 1764; x_wconf 89' lang='lat' dir='ltr'><strong>cum</strong></span> <span class='ocrx_word' id='word_1_160' title='bbox 1385 1717 1493 1764; x_wconf 76' lang='lat' dir='ltr'><strong>ean-¹⁶</strong></span> 
     </span>
     <span class='ocr_line' id='line_1_17' title="bbox 131 1788 1513 1879; baseline -0.001 -20"><span class='ocrx_word' id='word_1_161' title='bbox 131 1793 204 1859; x_wconf 87' lang='lat' dir='ltr'><strong>dem</strong></span> <span class='ocrx_word' id='word_1_162' title='bbox 227 1794 328 1878; x_wconf 89' lang='lat' dir='ltr'><strong>legem</strong></span> <span class='ocrx_word' id='word_1_163' title='bbox 349 1792 465 1867; x_wconf 80' lang='lat' dir='ltr'><strong>ferrei,</strong></span> <span class='ocrx_word' id='word_1_164' title='bbox 496 1789 588 1855; x_wconf 86' lang='lat' dir='ltr'><strong>aliam</strong></span> <span class='ocrx_word' id='word_1_165' title='bbox 610 1811 678 1855; x_wconf 86' lang='lat' dir='ltr'><strong>sese</strong></span> <span class='ocrx_word' id='word_1_166' title='bbox 700 1788 785 1857; x_wconf 82' lang='lat' dir='ltr'><strong>ferre</strong></span> <span class='ocrx_word' id='word_1_167' title='bbox 811 1792 936 1859; x_wconf 88' lang='lat' dir='ltr'><strong>dicebat</strong></span> <span class='ocrx_word' id='word_1_168' title='bbox 969 1802 1101 1879; x_wconf 85' lang='lat' dir='ltr'><strong>propter</strong></span> <span class='ocrx_word' id='word_1_169' title='bbox 1129 1790 1292 1857; x_wconf 88' lang='lat' dir='ltr'><strong>nominum</strong></span> <span class='ocrx_word' id='word_1_170' title='bbox 1314 1814 1457 1858; x_wconf 88' lang='lat' dir='ltr'><strong>commu·</strong></span> <span class='ocrx_word' id='word_1_171' title='bbox 1510 1821 1513 1828; x_wconf 95' lang='lat'>·</span> 
     </span>
     <span class='ocr_line' id='line_1_18' title="bbox 130 1883 1456 1969; baseline -0.002 -17"><span class='ocrx_word' id='word_1_172' title='bbox 130 1888 296 1967; x_wconf 89' lang='lat' dir='ltr'><strong>tationem;</strong></span> <span class='ocrx_word' id='word_1_173' title='bbox 333 1909 405 1952; x_wconf 90' lang='lat' dir='ltr'><strong>nam</strong></span> <span class='ocrx_word' id='word_1_174' title='bbox 427 1907 490 1950; x_wconf 95' lang='lat' dir='ltr'><strong>non</strong></span> <span class='ocrx_word' id='word_1_175' title='bbox 512 1883 640 1958; x_wconf 84' lang='lat' dir='ltr'><strong>exules,</strong></span> <span class='ocrx_word' id='word_1_176' title='bbox 667 1889 722 1950; x_wconf 88' lang='lat' dir='ltr'><strong>sed</strong></span> <span class='ocrx_word' id='word_1_177' title='bbox 745 1888 775 1950; x_wconf 86' lang='lat' dir='ltr'><strong>vi</strong></span> <span class='ocrx_word' id='word_1_178' title='bbox 798 1886 915 1954; x_wconf 88' lang='lat' dir='ltr'><strong>eiectos</strong></span> <span class='ocrx_word' id='word_1_179' title='bbox 936 1908 970 1952; x_wconf 88' lang='lat' dir='ltr'><strong>se</strong></span> <span class='ocrx_word' id='word_1_180' title='bbox 993 1885 1146 1952; x_wconf 90' lang='lat' dir='ltr'><strong>reducere</strong></span> <span class='ocrx_word' id='word_1_181' title='bbox 1168 1883 1290 1962; x_wconf 88' lang='lat' dir='ltr'><strong>aiebat;</strong></span> <span class='ocrx_word' id='word_1_182' title='bbox 1325 1884 1456 1969; x_wconf 90' lang='lat' dir='ltr'><strong>perinde</strong></span> 
     </span>
     <span class='ocr_line' id='line_1_19' title="bbox 130 1971 1456 2068; baseline -0.001 -22"><span class='ocrx_word' id='word_1_183' title='bbox 130 1981 219 2068; x_wconf 87' lang='lat' dir='ltr'><strong>quasi</strong></span> <span class='ocrx_word' id='word_1_184' title='bbox 241 1981 273 2047; x_wconf 95' lang='lat' dir='ltr'><strong>id</strong></span> <span class='ocrx_word' id='word_1_185' title='bbox 294 1980 403 2048; x_wconf 88' lang='lat' dir='ltr'><strong>luisset</strong></span> <span class='ocrx_word' id='word_1_186' title='bbox 423 1982 456 2046; x_wconf 93' lang='lat' dir='ltr'><strong>in</strong></span> <span class='ocrx_word' id='word_1_187' title='bbox 478 1977 712 2053; x_wconf 88' lang='lat' dir='ltr'><strong>controversia,</strong></span> <span class='ocrx_word' id='word_1_188' title='bbox 736 2001 799 2066; x_wconf 90' lang='lat' dir='ltr'><strong>quo</strong></span> <span class='ocrx_word' id='word_1_189' title='bbox 823 1981 867 2046; x_wconf 89' lang='lat' dir='ltr'><strong>illi</strong></span> <span class='ocrx_word' id='word_1_190' title='bbox 890 1980 1018 2063; x_wconf 89' lang='lat' dir='ltr'><strong>nomine</strong></span> <span class='ocrx_word' id='word_1_191' title='bbox 1041 1971 1272 2067; x_wconf 89' lang='lat' dir='ltr'><strong>appellarentur</strong></span> <span class='ocrx_word' id='word_1_192' title='bbox 1294 2001 1313 2043; x_wconf 92' lang='lat' dir='ltr'><strong>a</strong></span> <span class='ocrx_word' id='word_1_193' title='bbox 1336 1979 1456 2066; x_wconf 89' lang='lat' dir='ltr'><strong>populo</strong></span> 
     </span>
     <span class='ocr_line' id='line_1_20' title="bbox 130 2072 1457 2162; baseline -0.002 -22"><span class='ocrx_word' id='word_1_194' title='bbox 130 2080 290 2152; x_wconf 82' lang='lat' dir='ltr'><strong>Romano,</strong></span> <span class='ocrx_word' id='word_1_195' title='bbox 313 2087 367 2142; x_wconf 89' lang='lat' dir='ltr'><strong>aut</strong></span> <span class='ocrx_word' id='word_1_196' title='bbox 387 2073 519 2162; x_wconf 86' lang='lat' dir='ltr'><strong>perinde</strong></span> <span class='ocrx_word' id='word_1_197' title='bbox 540 2072 629 2159; x_wconf 89' lang='lat' dir='ltr'><strong>quasi</strong></span> <span class='ocrx_word' id='word_1_198' title='bbox 650 2093 715 2137; x_wconf 93' lang='lat' dir='ltr'><strong>nou</strong></span> <span class='ocrx_word' id='word_1_199' title='bbox 736 2094 862 2148; x_wconf 89' lang='lat' dir='ltr'><strong>omnes,</strong></span> <span class='ocrx_word' id='word_1_200' title='bbox 885 2073 999 2162; x_wconf 90' lang='lat' dir='ltr'><strong>quibus</strong></span> <span class='ocrx_word' id='word_1_201' title='bbox 1020 2096 1101 2162; x_wconf 89' lang='lat' dir='ltr'><strong>aqua</strong></span> <span class='ocrx_word' id='word_1_202' title='bbox 1123 2083 1155 2140; x_wconf 89' lang='lat' dir='ltr'><strong>et</strong></span> <span class='ocrx_word' id='word_1_203' title='bbox 1177 2074 1240 2158; x_wconf 91' lang='lat' dir='ltr'><strong>igni</strong></span> <span class='ocrx_word' id='word_1_204' title='bbox 1256 2073 1457 2141; x_wconf 87' lang='lat' dir='ltr'><strong>interdictum</strong></span> 
     </span>
     <span class='ocr_line' id='line_1_21' title="bbox 130 2168 1495 2256; baseline 0.003 -23"><span class='ocrx_word' id='word_1_205' title='bbox 130 2176 194 2244; x_wconf 89' lang='lat' dir='ltr'><strong>est,</strong></span> <span class='ocrx_word' id='word_1_206' title='bbox 230 2168 340 2235; x_wconf 87' lang='lat' dir='ltr'><strong>exules</strong></span> <span class='ocrx_word' id='word_1_207' title='bbox 360 2168 566 2256; x_wconf 85' lang='lat' dir='ltr'><strong>appellentur.</strong></span> <span class='ocrx_word' id='word_1_208' title='bbox 610 2171 730 2233; x_wconf 86' lang='lat' dir='ltr'><strong>Verum</strong></span> <span class='ocrx_word' id='word_1_209' title='bbox 751 2168 797 2235; x_wconf 93' lang='lat' dir='ltr'><strong>illi</strong></span> <span class='ocrx_word' id='word_1_210' title='bbox 817 2168 949 2236; x_wconf 84' lang='lat' dir='ltr'><strong>fortasse</strong></span> <span class='ocrx_word' id='word_1_211' title='bbox 972 2169 1180 2253; x_wconf 81' lang='lat' dir='ltr'><strong>ignoscimus,</strong></span> <span class='ocrx_word' id='word_1_212' title='bbox 1216 2168 1242 2234; x_wconf 91' lang='lat' dir='ltr'><strong>si</strong></span> <span class='ocrx_word' id='word_1_213' title='bbox 1272 2189 1343 2235; x_wconf 91' lang='lat' dir='ltr'><strong>cum</strong></span> <span class='ocrx_word' id='word_1_214' title='bbox 1365 2190 1495 2237; x_wconf 78' lang='lat' dir='ltr'><strong>caumes</strong></span> 
     </span>
     <span class='ocr_line' id='line_1_22' title="bbox 131 2259 1460 2352; baseline 0.005 -25"><span class='ocrx_word' id='word_1_215' title='bbox 131 2260 224 2340; x_wconf 79' lang='lat' dir='ltr'><strong>lecit3</strong></span> <span class='ocrx_word' id='word_1_216' title='bbox 247 2284 306 2328; x_wconf 92' lang='lat' dir='ltr'><strong>nos</strong></span> <span class='ocrx_word' id='word_1_217' title='bbox 326 2272 431 2328; x_wconf 69' lang='lat' dir='ltr'><strong>umen</strong></span> <span class='ocrx_word' id='word_1_218' title='bbox 452 2260 660 2345; x_wconf 81' lang='lat' dir='ltr'><strong>intelligamus</strong></span> <span class='ocrx_word' id='word_1_219' title='bbox 681 2259 827 2329; x_wconf 84' lang='lat' dir='ltr'><strong>vitiosum</strong></span> <span class='ocrx_word' id='word_1_220' title='bbox 850 2284 918 2331; x_wconf 86' lang='lat' dir='ltr'><strong>esse</strong></span> <span class='ocrx_word' id='word_1_221' title='bbox 940 2263 1102 2330; x_wconf 88' lang='lat' dir='ltr'><strong>intendere</strong></span> <span class='ocrx_word' id='word_1_222' title='bbox 1122 2262 1368 2330; x_wconf 84' lang='lat' dir='ltr'><strong>controversiam</strong></span> <span class='ocrx_word' id='word_1_223' title='bbox 1385 2285 1460 2352; x_wconf 89' lang='lat' dir='ltr'><strong>pro·</strong></span> 
     </span>
     <span class='ocr_line' id='line_1_23' title="bbox 130 2355 696 2443; baseline 0 -22"><span class='ocrx_word' id='word_1_224' title='bbox 130 2365 204 2443; x_wconf 86' lang='lat' dir='ltr'><strong>pter</strong></span> <span class='ocrx_word' id='word_1_225' title='bbox 223 2357 386 2425; x_wconf 91' lang='lat' dir='ltr'><strong>nominum</strong></span> <span class='ocrx_word' id='word_1_226' title='bbox 408 2355 696 2422; x_wconf 89' lang='lat' dir='ltr'><strong>commutationem.</strong></span> 
     </span>
    </p>

    <p class='ocr_par' dir='ltr' id='par_1_3' title="bbox 131 2451 1556 3481">
     <span class='ocr_line' id='line_1_24' title="bbox 214 2451 1458 2539; baseline 0.004 -23"><span class='ocrx_word' id='word_1_227' title='bbox 214 2454 331 2516; x_wconf 82' lang='lat' dir='ltr'><strong>XXIX.</strong></span> <span class='ocrx_word' id='word_1_228' title='bbox 359 2456 412 2518; x_wconf 78' lang='lat' dir='ltr'><strong>iti.</strong></span> <span class='ocrx_word' id='word_1_229' title='bbox 438 2451 593 2530; x_wconf 84' lang='lat' dir='ltr'><strong>Quoniam</strong></span> <span class='ocrx_word' id='word_1_230' title='bbox 615 2452 782 2519; x_wconf 84' lang='lat' dir='ltr'><strong>exornatio</strong></span> <span class='ocrx_word' id='word_1_231' title='bbox 803 2461 924 2520; x_wconf 90' lang='lat' dir='ltr'><strong>constat</strong></span> <span class='ocrx_word' id='word_1_232' title='bbox 944 2476 985 2520; x_wconf 89' lang='lat' dir='ltr'><strong>ex</strong></span> <span class='ocrx_word' id='word_1_233' title='bbox 1007 2451 1160 2521; x_wconf 89' lang='lat' dir='ltr'><strong>similibus</strong></span> <span class='ocrx_word' id='word_1_234' title='bbox 1182 2462 1214 2520; x_wconf 91' lang='lat' dir='ltr'><strong>et</strong></span> <span class='ocrx_word' id='word_1_235' title='bbox 1235 2456 1391 2539; x_wconf 84' lang='lat' dir='ltr'><strong>exemplis</strong></span> <span class='ocrx_word' id='word_1_236' title='bbox 1415 2452 1458 2538; x_wconf 90' lang='lat' dir='ltr'><strong>[et</strong></span> 
     </span>
     <span class='ocr_line' id='line_1_25' title="bbox 132 2543 1457 2636; baseline 0.005 -27"><span class='ocrx_word' id='word_1_237' title='bbox 132 2543 434 2632; x_wconf 87' lang='lat' dir='ltr'><strong>amplificationibus]</strong></span> <span class='ocrx_word' id='word_1_238' title='bbox 463 2555 495 2610; x_wconf 87' lang='lat' dir='ltr'><strong>et</strong></span> <span class='ocrx_word' id='word_1_239' title='bbox 522 2550 616 2611; x_wconf 86' lang='lat' dir='ltr'><strong>rebus</strong></span> <span class='ocrx_word' id='word_1_240' title='bbox 636 2545 782 2613; x_wconf 89' lang='lat' dir='ltr'><strong>iudicatis</strong></span> <span class='ocrx_word' id='word_1_241' title='bbox 803 2557 835 2613; x_wconf 90' lang='lat' dir='ltr'><strong>et</strong></span> <span class='ocrx_word' id='word_1_242' title='bbox 856 2551 968 2614; x_wconf 89' lang='lat' dir='ltr'><strong>ceteris</strong></span> <span class='ocrx_word' id='word_1_243' title='bbox 991 2546 1102 2624; x_wconf 89' lang='lat' dir='ltr'><strong>rebus,</strong></span> <span class='ocrx_word' id='word_1_244' title='bbox 1137 2569 1218 2635; x_wconf 90' lang='lat' dir='ltr'><strong>quae</strong></span> <span class='ocrx_word' id='word_1_245' title='bbox 1239 2549 1397 2636; x_wconf 86' lang='lat' dir='ltr'><strong>pertinent</strong></span> <span class='ocrx_word' id='word_1_246' title='bbox 1418 2554 1457 2615; x_wconf 88' lang='lat' dir='ltr'><strong>ad</strong></span> 
     </span>
     <span class='ocr_line' id='line_1_26' title="bbox 133 2638 1495 2727; baseline 0.004 -23"><span class='ocrx_word' id='word_1_247' title='bbox 133 2639 383 2725; x_wconf 86' lang='lat' dir='ltr'><strong>exaggerandam</strong></span> <span class='ocrx_word' id='word_1_248' title='bbox 403 2648 435 2704; x_wconf 89' lang='lat' dir='ltr'><strong>et</strong></span> <span class='ocrx_word' id='word_1_249' title='bbox 455 2638 752 2725; x_wconf 89' lang='lat' dir='ltr'><strong>collocupletandam</strong></span> <span class='ocrx_word' id='word_1_250' title='bbox 774 2641 1089 2727; x_wconf 89' lang='lat' dir='ltr'><strong>argumentationem,</strong></span> <span class='ocrx_word' id='word_1_251' title='bbox 1113 2663 1194 2726; x_wconf 88' lang='lat' dir='ltr'><strong>quae</strong></span> <span class='ocrx_word' id='word_1_252' title='bbox 1215 2646 1277 2707; x_wconf 92' lang='lat' dir='ltr'><strong>sint</strong></span> <span class='ocrx_word' id='word_1_253' title='bbox 1298 2643 1346 2708; x_wconf 88' lang='lat' dir='ltr'><strong>his</strong></span> <span class='ocrx_word' id='word_1_254' title='bbox 1360 2642 1458 2709; x_wconf 88' lang='lat' dir='ltr'><strong>rebus</strong></span> <span class='ocrx_word' id='word_1_255' title='bbox 1467 2667 1495 2709; x_wconf 79' lang='lat' dir='ltr'><strong>ss</strong></span> 
     </span>
     <span class='ocr_line' id='line_1_27' title="bbox 133 2733 1459 2823; baseline 0.002 -23"><span class='ocrx_word' id='word_1_256' title='bbox 133 2734 222 2810; x_wconf 82' lang='lat' dir='ltr'><strong>vitia,</strong></span> <span class='ocrx_word' id='word_1_257' title='bbox 247 2733 491 2801; x_wconf 87' lang='lat' dir='ltr'><strong>consideremus.</strong></span> <span class='ocrx_word' id='word_1_258' title='bbox 538 2733 645 2801; x_wconf 91' lang='lat' dir='ltr'><strong>Simile</strong></span> <span class='ocrx_word' id='word_1_259' title='bbox 666 2734 814 2801; x_wconf 82' lang='lat' dir='ltr'><strong>vitiosum</strong></span> <span class='ocrx_word' id='word_1_260' title='bbox 837 2744 899 2812; x_wconf 88' lang='lat' dir='ltr'><strong>esi,</strong></span> <span class='ocrx_word' id='word_1_261' title='bbox 922 2734 1007 2821; x_wconf 91' lang='lat' dir='ltr'><strong>quod</strong></span> <span class='ocrx_word' id='word_1_262' title='bbox 1022 2735 1181 2823; x_wconf 86' lang='lat' dir='ltr'><strong>exaliqua</strong></span> <span class='ocrx_word' id='word_1_263' title='bbox 1197 2745 1285 2822; x_wconf 89' lang='lat' dir='ltr'><strong>parte</strong></span> <span class='ocrx_word' id='word_1_264' title='bbox 1307 2736 1459 2803; x_wconf 84' lang='lat' dir='ltr'><strong>dissimile</strong></span> 
     </span>
     <span class='ocr_line' id='line_1_28' title="bbox 133 2827 1458 2917; baseline 0.004 -24"><span class='ocrx_word' id='word_1_265' title='bbox 133 2837 181 2893; x_wconf 91' lang='lat' dir='ltr'><strong>est</strong></span> <span class='ocrx_word' id='word_1_266' title='bbox 202 2848 260 2893; x_wconf 91' lang='lat' dir='ltr'><strong>nec</strong></span> <span class='ocrx_word' id='word_1_267' title='bbox 281 2827 376 2894; x_wconf 88' lang='lat' dir='ltr'><strong>habet</strong></span> <span class='ocrx_word' id='word_1_268' title='bbox 397 2848 505 2915; x_wconf 90' lang='lat' dir='ltr'><strong>parem</strong></span> <span class='ocrx_word' id='word_1_269' title='bbox 525 2827 680 2893; x_wconf 89' lang='lat' dir='ltr'><strong>rationem</strong></span> <span class='ocrx_word' id='word_1_270' title='bbox 703 2829 958 2915; x_wconf 89' lang='lat' dir='ltr'><strong>comparationis,</strong></span> <span class='ocrx_word' id='word_1_271' title='bbox 991 2839 1045 2895; x_wconf 90' lang='lat' dir='ltr'><strong>aut</strong></span> <span class='ocrx_word' id='word_1_272' title='bbox 1065 2829 1126 2917; x_wconf 91' lang='lat' dir='ltr'><strong>ipsi</strong></span> <span class='ocrx_word' id='word_1_273' title='bbox 1148 2829 1255 2907; x_wconf 89' lang='lat' dir='ltr'><strong>obest,</strong></span> <span class='ocrx_word' id='word_1_274' title='bbox 1282 2831 1336 2917; x_wconf 89' lang='lat' dir='ltr'><strong>qui</strong></span> <span class='ocrx_word' id='word_1_275' title='bbox 1357 2830 1458 2899; x_wconf 80' lang='lat' dir='ltr'><strong>affert</strong></span> 
     </span>
     <span class='ocr_line' id='line_1_29' title="bbox 131 2921 1460 3011; baseline 0.003 -23"><span class='ocrx_word' id='word_1_276' title='bbox 131 2922 320 3010; x_wconf 87' lang='lat' dir='ltr'><strong>Exemplum</strong></span> <span class='ocrx_word' id='word_1_277' title='bbox 341 2921 488 2989; x_wconf 82' lang='lat' dir='ltr'><strong>vitiosum</strong></span> <span class='ocrx_word' id='word_1_278' title='bbox 509 2930 571 2998; x_wconf 88' lang='lat' dir='ltr'><strong>est,</strong></span> <span class='ocrx_word' id='word_1_279' title='bbox 594 2921 621 2987; x_wconf 90' lang='lat' dir='ltr'><strong>si</strong></span> <span class='ocrx_word' id='word_1_280' title='bbox 642 2931 696 2987; x_wconf 89' lang='lat' dir='ltr'><strong>aut</strong></span> <span class='ocrx_word' id='word_1_281' title='bbox 716 2921 831 2989; x_wconf 79' lang='lat' dir='ltr'><strong>falsum</strong></span> <span class='ocrx_word' id='word_1_282' title='bbox 852 2932 917 2999; x_wconf 87' lang='lat' dir='ltr'><strong>est,</strong></span> <span class='ocrx_word' id='word_1_283' title='bbox 941 2932 976 2989; x_wconf 90' lang='lat' dir='ltr'><strong>nt</strong></span> <span class='ocrx_word' id='word_1_284' title='bbox 997 2923 1263 3011; x_wconf 89' lang='lat' dir='ltr'><strong>reprehendatur;</strong></span> <span class='ocrx_word' id='word_1_285' title='bbox 1285 2934 1339 2991; x_wconf 89' lang='lat' dir='ltr'><strong>aut</strong></span> <span class='ocrx_word' id='word_1_286' title='bbox 1360 2927 1386 2992; x_wconf 92' lang='lat' dir='ltr'><strong>si</strong></span> <span class='ocrx_word' id='word_1_287' title='bbox 1401 2926 1460 2993; x_wconf 90' lang='lat' dir='ltr'><strong>im-</strong></span> 
     </span>
     <span class='ocr_line' id='line_1_30' title="bbox 132 3015 1460 3106; baseline 0.005 -25"><span class='ocrx_word' id='word_1_288' title='bbox 132 3015 288 3103; x_wconf 90' lang='lat' dir='ltr'><strong>probum,</strong></span> <span class='ocrx_word' id='word_1_289' title='bbox 319 3026 354 3082; x_wconf 92' lang='lat' dir='ltr'><strong>nt</strong></span> <span class='ocrx_word' id='word_1_290' title='bbox 375 3038 439 3082; x_wconf 93' lang='lat' dir='ltr'><strong>nou</strong></span> <span class='ocrx_word' id='word_1_291' title='bbox 460 3016 501 3082; x_wconf 88' lang='lat' dir='ltr'><strong>sit</strong></span> <span class='ocrx_word' id='word_1_292' title='bbox 520 3016 720 3091; x_wconf 89' lang='lat' dir='ltr'><strong>imitandum,</strong></span> <span class='ocrx_word' id='word_1_293' title='bbox 753 3027 807 3082; x_wconf 89' lang='lat' dir='ltr'><strong>aut</strong></span> <span class='ocrx_word' id='word_1_294' title='bbox 827 3017 927 3084; x_wconf 90' lang='lat' dir='ltr'><strong>maius</strong></span> <span class='ocrx_word' id='word_1_295' title='bbox 949 3026 1002 3083; x_wconf 89' lang='lat' dir='ltr'><strong>aut</strong></span> <span class='ocrx_word' id='word_1_296' title='bbox 1023 3018 1141 3094; x_wconf 89' lang='lat' dir='ltr'><strong>minus,</strong></span> <span class='ocrx_word' id='word_1_297' title='bbox 1165 3039 1259 3104; x_wconf 88' lang='lat' dir='ltr'><strong>quam</strong></span> <span class='ocrx_word' id='word_1_298' title='bbox 1279 3040 1331 3085; x_wconf 85' lang='lat' dir='ltr'><strong>res</strong></span> <span class='ocrx_word' id='word_1_299' title='bbox 1351 3029 1460 3106; x_wconf 90' lang='lat' dir='ltr'><strong>postu·</strong></span> 
     </span>
     <span class='ocr_line' id='line_1_31' title="bbox 133 3108 1498 3200; baseline 0.004 -23"><span class='ocrx_word' id='word_1_300' title='bbox 133 3108 219 3177; x_wconf 89' lang='lat' dir='ltr'><strong>labit.</strong></span> <span class='ocrx_word' id='word_1_301' title='bbox 262 3116 322 3178; x_wconf 77' lang='lat' dir='ltr'><strong>lies</strong></span> <span class='ocrx_word' id='word_1_302' title='bbox 353 3109 486 3177; x_wconf 89' lang='lat' dir='ltr'><strong>iudicata</strong></span> <span class='ocrx_word' id='word_1_303' title='bbox 515 3109 629 3176; x_wconf 86' lang='lat' dir='ltr'><strong>vitiose</strong></span> <span class='ocrx_word' id='word_1_304' title='bbox 657 3108 834 3197; x_wconf 79' lang='lat' dir='ltr'><strong>profertur,</strong></span> <span class='ocrx_word' id='word_1_305' title='bbox 867 3111 893 3177; x_wconf 88' lang='lat' dir='ltr'><strong>si</strong></span> <span class='ocrx_word' id='word_1_306' title='bbox 922 3122 975 3178; x_wconf 91' lang='lat' dir='ltr'><strong>aut</strong></span> <span class='ocrx_word' id='word_1_307' title='bbox 996 3111 1141 3178; x_wconf 89' lang='lat' dir='ltr'><strong>dissimili</strong></span> <span class='ocrx_word' id='word_1_308' title='bbox 1161 3110 1201 3178; x_wconf 91' lang='lat' dir='ltr'><strong>de</strong></span> <span class='ocrx_word' id='word_1_309' title='bbox 1222 3134 1259 3179; x_wconf 90' lang='lat' dir='ltr'><strong>re</strong></span> <span class='ocrx_word' id='word_1_310' title='bbox 1281 3113 1498 3200; x_wconf 81' lang='lat' dir='ltr'><strong>proferaturse</strong></span> 
     </span>
     <span class='ocr_line' id='line_1_32' title="bbox 134 3202 1556 3294; baseline 0.004 -24"><span class='ocrx_word' id='word_1_311' title='bbox 134 3202 249 3271; x_wconf 86' lang='lat' dir='ltr'><strong>auide</strong></span> <span class='ocrx_word' id='word_1_312' title='bbox 271 3224 308 3270; x_wconf 88' lang='lat' dir='ltr'><strong>ea</strong></span> <span class='ocrx_word' id='word_1_313' title='bbox 328 3225 380 3280; x_wconf 92' lang='lat' dir='ltr'><strong>re,</strong></span> <span class='ocrx_word' id='word_1_314' title='bbox 403 3225 465 3292; x_wconf 88' lang='lat' dir='ltr'><strong>qua</strong></span> <span class='ocrx_word' id='word_1_315' title='bbox 487 3202 526 3270; x_wconf 89' lang='lat' dir='ltr'><strong>de</strong></span> <span class='ocrx_word' id='word_1_316' title='bbox 547 3205 762 3271; x_wconf 82' lang='lat' dir='ltr'><strong>controversia</strong></span> <span class='ocrx_word' id='word_1_317' title='bbox 783 3227 847 3271; x_wconf 93' lang='lat' dir='ltr'><strong>nou</strong></span> <span class='ocrx_word' id='word_1_318' title='bbox 869 3215 930 3286; x_wconf 90' lang='lat' dir='ltr'><strong>est;</strong></span> <span class='ocrx_word' id='word_1_319' title='bbox 953 3214 1008 3273; x_wconf 89' lang='lat' dir='ltr'><strong>aut</strong></span> <span class='ocrx_word' id='word_1_320' title='bbox 1021 3210 1048 3272; x_wconf 90' lang='lat' dir='ltr'><strong>si</strong></span> <span class='ocrx_word' id='word_1_321' title='bbox 1062 3205 1206 3294; x_wconf 91' lang='lat' dir='ltr'><strong>improba</strong></span> <span class='ocrx_word' id='word_1_322' title='bbox 1224 3215 1278 3272; x_wconf 88' lang='lat' dir='ltr'><strong>aut</strong></span> <span class='ocrx_word' id='word_1_323' title='bbox 1292 3207 1458 3285; x_wconf 85' lang='lat' dir='ltr'><strong>eiusmodi,</strong></span> <span class='ocrx_word' id='word_1_324' title='bbox 1551 3268 1556 3284; x_wconf 81' lang='grc'><strong>,</strong></span> 
     </span>
     <span class='ocr_line' id='line_1_33' title="bbox 134 3299 1461 3389; baseline 0.005 -27"><span class='ocrx_word' id='word_1_325' title='bbox 134 3307 169 3363; x_wconf 87' lang='lat' dir='ltr'><strong>nt</strong></span> <span class='ocrx_word' id='word_1_326' title='bbox 195 3307 251 3363; x_wconf 88' lang='lat' dir='ltr'><strong>aut</strong></span> <span class='ocrx_word' id='word_1_327' title='bbox 280 3299 386 3386; x_wconf 93' lang='lat' dir='ltr'><strong>plures</strong></span> <span class='ocrx_word' id='word_1_328' title='bbox 417 3311 471 3365; x_wconf 93' lang='lat' dir='ltr'><strong>aut</strong></span> <span class='ocrx_word' id='word_1_329' title='bbox 499 3300 598 3384; x_wconf 87' lang='lat' dir='ltr'><strong>magis</strong></span> <span class='ocrx_word' id='word_1_330' title='bbox 626 3300 759 3366; x_wconf 86' lang='lat' dir='ltr'><strong>idoneae</strong></span> <span class='ocrx_word' id='word_1_331' title='bbox 789 3321 841 3366; x_wconf 88' lang='lat' dir='ltr'><strong>res</strong></span> <span class='ocrx_word' id='word_1_332' title='bbox 868 3300 1022 3367; x_wconf 88' lang='lat' dir='ltr'><strong>iudicatae</strong></span> <span class='ocrx_word' id='word_1_333' title='bbox 1051 3299 1091 3365; x_wconf 90' lang='lat' dir='ltr'><strong>ab</strong></span> <span class='ocrx_word' id='word_1_334' title='bbox 1113 3300 1301 3367; x_wconf 85' lang='lat' dir='ltr'><strong>adversariis</strong></span> <span class='ocrx_word' id='word_1_335' title='bbox 1323 3300 1461 3389; x_wconf 80' lang='lat' dir='ltr'><strong>proferri</strong></span> 
     </span>
     <span class='ocr_line' id='line_1_34' title="bbox 134 3392 1461 3481; baseline 0.005 -24"><span class='ocrx_word' id='word_1_336' title='bbox 134 3392 264 3480; x_wconf 87' lang='lat' dir='ltr'><strong>possint</strong></span> <span class='ocrx_word' id='word_1_337' title='bbox 307 3398 385 3460; x_wconf 89' lang='lat' dir='ltr'><strong>item</strong></span> <span class='ocrx_word' id='word_1_338' title='bbox 407 3393 555 3461; x_wconf 84' lang='lat' dir='ltr'><strong>vitiosum</strong></span> <span class='ocrx_word' id='word_1_339' title='bbox 577 3404 638 3470; x_wconf 88' lang='lat' dir='ltr'><strong>est,</strong></span> <span class='ocrx_word' id='word_1_340' title='bbox 661 3394 695 3460; x_wconf 91' lang='lat' dir='ltr'><strong>id</strong></span> <span class='ocrx_word' id='word_1_341' title='bbox 715 3394 802 3481; x_wconf 90' lang='lat' dir='ltr'><strong>quod</strong></span> <span class='ocrx_word' id='word_1_342' title='bbox 822 3395 995 3462; x_wconf 86' lang='lat' dir='ltr'><strong>adversarii</strong></span> <span class='ocrx_word' id='word_1_343' title='bbox 1015 3394 1131 3462; x_wconf 87' lang='lat' dir='ltr'><strong>factum</strong></span> <span class='ocrx_word' id='word_1_344' title='bbox 1154 3416 1223 3462; x_wconf 89' lang='lat' dir='ltr'><strong>esse</strong></span> <span class='ocrx_word' id='word_1_345' title='bbox 1244 3394 1461 3475; x_wconf 87' lang='lat' dir='ltr'><strong>confiteantur,</strong></span> 
     </span>
    </p>
   </div>
   <div class='ocr_carea' id='block_1_3' title="bbox 93 3557 1464 4966">
    <p class='ocr_par' dir='ltr' id='par_1_4' title="bbox 93 3557 1464 4966">
     <span class='ocr_line' id='line_1_35' title="bbox 204 3557 1464 3625; baseline 0.006 -19"><span class='ocrx_word' id='word_1_346' title='bbox 204 3558 231 3607; x_wconf 87' lang='lat'><strong>1.</strong></span> <span class='ocrx_word' id='word_1_347' title='bbox 251 3557 282 3607; x_wconf 85' lang='lat' dir='ltr'><strong>de</strong></span> <span class='ocrx_word' id='word_1_348' title='bbox 304 3570 333 3607; x_wconf 87' lang='lat' dir='ltr'><strong>re</strong></span> <span class='ocrx_word' id='word_1_349' title='bbox 356 3557 442 3609; x_wconf 84' lang='lat' dir='ltr'><strong>ultera</strong></span> <span class='ocrx_word' id='word_1_350' title='bbox 468 3558 620 3610; x_wconf 74' lang='lat' dir='ltr'><strong>sturni:</strong></span> <span class='ocrx_word' id='word_1_351' title='bbox 651 3561 683 3611; x_wconf 88' lang='lat' dir='ltr'><strong>de</strong></span> <span class='ocrx_word' id='word_1_352' title='bbox 709 3561 796 3610; x_wconf 84' lang='lat' dir='ltr'><strong>alteru</strong></span> <span class='ocrx_word' id='word_1_353' title='bbox 822 3561 854 3611; x_wconf 83' lang='lat' dir='ltr'><strong>E.</strong></span> <span class='ocrx_word' id='word_1_354' title='bbox 886 3586 919 3597; x_wconf 93' lang='lat'>-</span> <span class='ocrx_word' id='word_1_355' title='bbox 950 3559 976 3610; x_wconf 87' lang='grc'><strong>2.</strong></span> <span class='ocrx_word' id='word_1_356' title='bbox 1001 3563 1026 3611; x_wconf 90' lang='lat' dir='ltr'><strong>si</strong></span> <span class='ocrx_word' id='word_1_357' title='bbox 1048 3575 1107 3611; x_wconf 85' lang='lat' dir='ltr'><strong>cusu</strong></span> <span class='ocrx_word' id='word_1_358' title='bbox 1128 3567 1296 3625; x_wconf 85' lang='lat' dir='ltr'><strong>comparetur</strong></span> <span class='ocrx_word' id='word_1_359' title='bbox 1323 3561 1407 3613; x_wconf 74' lang='lat' dir='ltr'><strong>1³de</strong></span> <span class='ocrx_word' id='word_1_360' title='bbox 1438 3562 1464 3613; x_wconf 86' lang='lat' dir='ltr'><strong>si</strong></span> 
     </span>
     <span class='ocr_line' id='line_1_36' title="bbox 136 3627 1461 3695; baseline 0.004 -18"><span class='ocrx_word' id='word_1_361' title='bbox 136 3633 303 3691; x_wconf 77' lang='lat' dir='ltr'><strong>comparetur</strong></span> <span class='ocrx_word' id='word_1_362' title='bbox 322 3627 428 3689; x_wconf 85' lang='lat' dir='ltr'><strong>(omisso</strong></span> <span class='ocrx_word' id='word_1_363' title='bbox 439 3629 510 3693; x_wconf 68' lang='lat' dir='ltr'><strong>mm)</strong></span> <span class='ocrx_word' id='word_1_364' title='bbox 527 3631 611 3691; x_wconf 77' lang='lat' dir='ltr'><strong>iiiiii,</strong></span> <span class='ocrx_word' id='word_1_365' title='bbox 629 3632 653 3680; x_wconf 92' lang='lat' dir='ltr'><strong>si</strong></span> <span class='ocrx_word' id='word_1_366' title='bbox 665 3639 884 3692; x_wconf 83' lang='lat' dir='ltr'><strong>compararentur</strong></span> <span class='ocrx_word' id='word_1_367' title='bbox 900 3633 931 3680; x_wconf 77' lang='grc' dir='ltr'><strong>Τ.</strong></span> <span class='ocrx_word' id='word_1_368' title='bbox 952 3654 984 3666; x_wconf 94' lang='grc'>-</span> <span class='ocrx_word' id='word_1_369' title='bbox 1008 3631 1034 3681; x_wconf 90' lang='grc'><strong>3.</strong></span> <span class='ocrx_word' id='word_1_370' title='bbox 1056 3646 1158 3682; x_wconf 85' lang='lat' dir='ltr'><strong>onnon</strong></span> <span class='ocrx_word' id='word_1_371' title='bbox 1172 3633 1290 3695; x_wconf 85' lang='lat' dir='ltr'><strong>occipere</strong></span> <span class='ocrx_word' id='word_1_372' title='bbox 1302 3632 1360 3693; x_wconf 84' lang='lat' dir='ltr'><strong>PB,</strong></span> <span class='ocrx_word' id='word_1_373' title='bbox 1380 3631 1410 3682; x_wconf 83' lang='grc'><strong>1..</strong></span> <span class='ocrx_word' id='word_1_374' title='bbox 1429 3658 1461 3670; x_wconf 94' lang='grc'>-</span> 
     </span>
     <span class='ocr_line' id='line_1_37' title="bbox 135 3698 1463 3765; baseline 0.005 -17"><span class='ocrx_word' id='word_1_375' title='bbox 135 3698 163 3748; x_wconf 70' lang='lat' dir='ltr'><strong>d.</strong></span> <span class='ocrx_word' id='word_1_376' title='bbox 182 3706 253 3749; x_wconf 85' lang='lat' dir='ltr'><strong>curet</strong></span> <span class='ocrx_word' id='word_1_377' title='bbox 271 3698 360 3748; x_wconf 84' lang='lat' dir='ltr'><strong>Libri:</strong></span> <span class='ocrx_word' id='word_1_378' title='bbox 381 3712 456 3749; x_wconf 85' lang='lat' dir='ltr'><strong>cures</strong></span> <span class='ocrx_word' id='word_1_379' title='bbox 474 3702 495 3750; x_wconf 84' lang='grc' dir='ltr'>Ε</span> <span class='ocrx_word' id='word_1_380' title='bbox 514 3705 583 3752; x_wconf 92' lang='lat' dir='ltr'><strong>coni.</strong></span> <span class='ocrx_word' id='word_1_381' title='bbox 605 3725 634 3738; x_wconf 92' lang='lat'>-</span> <span class='ocrx_word' id='word_1_382' title='bbox 667 3703 694 3752; x_wconf 80' lang='lat'><strong>5.</strong></span> <span class='ocrx_word' id='word_1_383' title='bbox 711 3709 864 3765; x_wconf 78' lang='lat' dir='ltr'><strong>praetereat</strong></span> <span class='ocrx_word' id='word_1_384' title='bbox 881 3703 971 3753; x_wconf 82' lang='lat' dir='ltr'><strong>Libri:</strong></span> <span class='ocrx_word' id='word_1_385' title='bbox 990 3708 1144 3765; x_wconf 82' lang='lat' dir='ltr'><strong>praeterens</strong></span> <span class='ocrx_word' id='word_1_386' title='bbox 1161 3703 1193 3753; x_wconf 84' lang='lat' dir='ltr'><strong>ii.</strong></span> <span class='ocrx_word' id='word_1_387' title='bbox 1214 3706 1284 3754; x_wconf 88' lang='lat' dir='ltr'><strong>cont.</strong></span> <span class='ocrx_word' id='word_1_388' title='bbox 1306 3728 1337 3742; x_wconf 89' lang='lat'><em>-</em></span> <span class='ocrx_word' id='word_1_389' title='bbox 1356 3707 1463 3755; x_wconf 76' lang='lat' dir='ltr'><strong>nunonis</strong></span> 
     </span>
     <span class='ocr_line' id='line_1_38' title="bbox 137 3765 1461 3835; baseline 0.005 -17"><span class='ocrx_word' id='word_1_390' title='bbox 137 3768 169 3818; x_wconf 98' lang='grc' dir='ltr'><strong>Τ.</strong></span> <span class='ocrx_word' id='word_1_391' title='bbox 191 3792 219 3804; x_wconf 95' lang='grc'><strong>-</strong></span> <span class='ocrx_word' id='word_1_392' title='bbox 239 3765 358 3832; x_wconf 84' lang='lat' dir='ltr'><strong>(liabent</strong></span> <span class='ocrx_word' id='word_1_393' title='bbox 372 3772 427 3820; x_wconf 85' lang='lat' dir='ltr'><strong>sint</strong></span> <span class='ocrx_word' id='word_1_394' title='bbox 441 3770 592 3831; x_wconf 68' lang='lat' dir='ltr'><strong>assini,</strong></span> <span class='ocrx_word' id='word_1_395' title='bbox 613 3777 644 3820; x_wconf 91' lang='lat' dir='ltr'><strong>ut</strong></span> <span class='ocrx_word' id='word_1_396' title='bbox 661 3786 691 3823; x_wconf 86' lang='lat' dir='ltr'><strong>ex</strong></span> <span class='ocrx_word' id='word_1_397' title='bbox 711 3776 781 3823; x_wconf 90' lang='lat' dir='ltr'><strong>conl.</strong></span> <span class='ocrx_word' id='word_1_398' title='bbox 796 3778 917 3835; x_wconf 87' lang='lat' dir='ltr'><strong>prosunt</strong></span> <span class='ocrx_word' id='word_1_399' title='bbox 935 3773 1009 3824; x_wconf 90' lang='lat' dir='ltr'><strong>dedit</strong></span> <span class='ocrx_word' id='word_1_400' title='bbox 1027 3771 1069 3835; x_wconf 84' lang='lat' dir='ltr'><strong>it).</strong></span> <span class='ocrx_word' id='word_1_401' title='bbox 1090 3800 1120 3811; x_wconf 87' lang='lat'>-</span> <span class='ocrx_word' id='word_1_402' title='bbox 1146 3775 1219 3824; x_wconf 84' lang='lat' dir='ltr'><strong>diesi</strong></span> <span class='ocrx_word' id='word_1_403' title='bbox 1235 3775 1326 3825; x_wconf 81' lang='lat' dir='ltr'><strong>Libri:</strong></span> <span class='ocrx_word' id='word_1_404' title='bbox 1347 3775 1421 3824; x_wconf 79' lang='lat' dir='ltr'><strong>dicus</strong></span> <span class='ocrx_word' id='word_1_405' title='bbox 1440 3775 1461 3825; x_wconf 83' lang='lat' dir='ltr'><strong>it</strong></span> 
     </span>
     <span class='ocr_line' id='line_1_39' title="bbox 138 3837 1462 3909; baseline 0.004 -20"><span class='ocrx_word' id='word_1_406' title='bbox 138 3840 205 3889; x_wconf 85' lang='lat' dir='ltr'><strong>coni.</strong></span> <span class='ocrx_word' id='word_1_407' title='bbox 227 3865 256 3875; x_wconf 94' lang='lat'>-</span> <span class='ocrx_word' id='word_1_408' title='bbox 285 3839 311 3888; x_wconf 84' lang='grc'><strong>8.</strong></span> <span class='ocrx_word' id='word_1_409' title='bbox 336 3837 446 3890; x_wconf 80' lang='lat' dir='ltr'><strong>Vestinis</strong></span> <span class='ocrx_word' id='word_1_410' title='bbox 465 3841 634 3893; x_wconf 78' lang='lat' dir='ltr'><strong>linneusidus</strong></span> <span class='ocrx_word' id='word_1_411' title='bbox 659 3843 743 3892; x_wconf 82' lang='lat' dir='ltr'><strong>Codd.</strong></span> <span class='ocrx_word' id='word_1_412' title='bbox 765 3846 842 3905; x_wconf 83' lang='lat' dir='ltr'><strong>pauci</strong></span> <span class='ocrx_word' id='word_1_413' title='bbox 862 3850 889 3894; x_wconf 87' lang='lat' dir='ltr'><strong>et</strong></span> <span class='ocrx_word' id='word_1_414' title='bbox 906 3842 984 3907; x_wconf 77' lang='lat' dir='ltr'><strong>pr.l’</strong></span> <span class='ocrx_word' id='word_1_415' title='bbox 1009 3841 1065 3907; x_wconf 87' lang='lat' dir='ltr'><strong>(sed</strong></span> <span class='ocrx_word' id='word_1_416' title='bbox 1084 3845 1291 3909; x_wconf 75' lang='lat' dir='ltr'><strong>pennensibuslt</strong></span> <span class='ocrx_word' id='word_1_417' title='bbox 1324 3844 1462 3895; x_wconf 79' lang='lat' dir='ltr'><strong>Venusinis</strong></span> 
     </span>
     <span class='ocr_line' id='line_1_40' title="bbox 138 3909 1462 3978; baseline 0.005 -19"><span class='ocrx_word' id='word_1_418' title='bbox 138 3910 175 3967; x_wconf 85' lang='lat' dir='ltr'><strong>ti,</strong></span> <span class='ocrx_word' id='word_1_419' title='bbox 202 3909 229 3958; x_wconf 88' lang='lat' dir='ltr'><strong>id</strong></span> <span class='ocrx_word' id='word_1_420' title='bbox 248 3909 319 3974; x_wconf 87' lang='lat' dir='ltr'><strong>quod</strong></span> <span class='ocrx_word' id='word_1_421' title='bbox 338 3914 465 3975; x_wconf 84' lang='lat' dir='ltr'><strong>originem</strong></span> <span class='ocrx_word' id='word_1_422' title='bbox 483 3913 563 3965; x_wconf 81' lang='lat' dir='ltr'><strong>debet</strong></span> <span class='ocrx_word' id='word_1_423' title='bbox 582 3915 663 3964; x_wconf 88' lang='lat' dir='ltr'><strong>errori</strong></span> <span class='ocrx_word' id='word_1_424' title='bbox 681 3914 765 3963; x_wconf 72' lang='lat' dir='ltr'><strong>itit:</strong></span> <span class='ocrx_word' id='word_1_425' title='bbox 786 3928 822 3964; x_wconf 87' lang='lat' dir='ltr'><strong>un</strong></span> <span class='ocrx_word' id='word_1_426' title='bbox 839 3916 973 3965; x_wconf 80' lang='lat' dir='ltr'><strong>canusinis</strong></span> <span class='ocrx_word' id='word_1_427' title='bbox 991 3929 1027 3964; x_wconf 86' lang='lat' dir='ltr'><strong>un</strong></span> <span class='ocrx_word' id='word_1_428' title='bbox 1043 3915 1229 3978; x_wconf 77' lang='lat' dir='ltr'><strong>pennensibus.</strong></span> <span class='ocrx_word' id='word_1_429' title='bbox 1249 3915 1303 3977; x_wconf 89' lang='lat' dir='ltr'><strong>(siti</strong></span> <span class='ocrx_word' id='word_1_430' title='bbox 1316 3915 1393 3966; x_wconf 80' lang='lat' dir='ltr'><strong>aliter</strong></span> <span class='ocrx_word' id='word_1_431' title='bbox 1405 3927 1462 3965; x_wconf 87' lang='lat' dir='ltr'><strong>cor·</strong></span> 
     </span>
     <span class='ocr_line' id='line_1_41' title="bbox 138 3983 1460 4049; baseline 0.005 -18"><span class='ocrx_word' id='word_1_432' title='bbox 138 3983 230 4042; x_wconf 82' lang='lat' dir='ltr'><strong>rupti.)</strong></span> <span class='ocrx_word' id='word_1_433' title='bbox 247 4004 282 4015; x_wconf 93' lang='lat'>—</span> <span class='ocrx_word' id='word_1_434' title='bbox 307 3983 466 4046; x_wconf 73' lang='lat' dir='ltr'><strong>prosuerunt</strong></span> <span class='ocrx_word' id='word_1_435' title='bbox 481 3983 536 4033; x_wconf 76' lang='grc' dir='ltr'><strong>ΤΤ.</strong></span> <span class='ocrx_word' id='word_1_436' title='bbox 565 4009 595 4022; x_wconf 89' lang='grc'>-</span> <span class='ocrx_word' id='word_1_437' title='bbox 626 3984 652 4034; x_wconf 86' lang='grc'><strong>3.</strong></span> <span class='ocrx_word' id='word_1_438' title='bbox 672 3983 744 4034; x_wconf 64' lang='lat' dir='ltr'><strong>mcci</strong></span> <span class='ocrx_word' id='word_1_439' title='bbox 769 3986 802 4034; x_wconf 80' lang='lat' dir='ltr'><strong>nu</strong></span> <span class='ocrx_word' id='word_1_440' title='bbox 825 3985 919 4035; x_wconf 84' lang='lat' dir='ltr'><strong>utteris</strong></span> <span class='ocrx_word' id='word_1_441' title='bbox 945 3998 1005 4036; x_wconf 83' lang='lat' dir='ltr'><strong>eum</strong></span> <span class='ocrx_word' id='word_1_442' title='bbox 1029 3984 1115 4036; x_wconf 86' lang='lat' dir='ltr'><strong>Ursini</strong></span> <span class='ocrx_word' id='word_1_443' title='bbox 1140 3986 1207 4037; x_wconf 77' lang='lat' dir='ltr'><strong>cod.</strong></span> <span class='ocrx_word' id='word_1_444' title='bbox 1233 3985 1269 4049; x_wconf 81' lang='lat' dir='ltr'><strong>(il</strong></span> <span class='ocrx_word' id='word_1_445' title='bbox 1291 3985 1460 4037; x_wconf 78' lang='lat' dir='ltr'><strong>Letiemsnds</strong></span> 
     </span>
     <span class='ocr_line' id='line_1_42' title="bbox 138 4050 1461 4120; baseline 0.005 -21"><span class='ocrx_word' id='word_1_446' title='bbox 138 4051 211 4100; x_wconf 81' lang='lat' dir='ltr'><strong>dirui</strong></span> <span class='ocrx_word' id='word_1_447' title='bbox 235 4050 326 4102; x_wconf 85' lang='lat' dir='ltr'><strong>ulteris</strong></span> <span class='ocrx_word' id='word_1_448' title='bbox 352 4052 417 4102; x_wconf 72' lang='lat' dir='ltr'><strong>riu</strong></span> <span class='ocrx_word' id='word_1_449' title='bbox 436 4053 472 4113; x_wconf 84' lang='lat' dir='ltr'><strong>ii,</strong></span> <span class='ocrx_word' id='word_1_450' title='bbox 500 4055 587 4113; x_wconf 68' lang='lat' dir='ltr'><strong>dunt,</strong></span> <span class='ocrx_word' id='word_1_451' title='bbox 613 4054 711 4103; x_wconf 80' lang='lat' dir='ltr'><strong>uiisrm</strong></span> <span class='ocrx_word' id='word_1_452' title='bbox 735 4055 823 4106; x_wconf 70' lang='lat' dir='ltr'><strong>medai</strong></span> <span class='ocrx_word' id='word_1_453' title='bbox 845 4055 914 4106; x_wconf 71' lang='grc' dir='ltr'><strong>ΒΗΤ</strong></span> <span class='ocrx_word' id='word_1_454' title='bbox 940 4064 966 4107; x_wconf 88' lang='lat' dir='ltr'><strong>et</strong></span> <span class='ocrx_word' id='word_1_455' title='bbox 984 4070 1024 4120; x_wconf 90' lang='lat' dir='ltr'><strong>pr.</strong></span> <span class='ocrx_word' id='word_1_456' title='bbox 1040 4057 1071 4106; x_wconf 83' lang='grc' dir='ltr'><strong>Ρ.</strong></span> <span class='ocrx_word' id='word_1_457' title='bbox 1098 4081 1133 4092; x_wconf 97' lang='grc'>-</span> <span class='ocrx_word' id='word_1_458' title='bbox 1162 4059 1205 4107; x_wconf 87' lang='grc'><strong>10.</strong></span> <span class='ocrx_word' id='word_1_459' title='bbox 1225 4059 1358 4118; x_wconf 84' lang='lat' dir='ltr'><strong>vituperes</strong></span> <span class='ocrx_word' id='word_1_460' title='bbox 1376 4057 1409 4106; x_wconf 89' lang='grc' dir='ltr'><strong>Τ.</strong></span> <span class='ocrx_word' id='word_1_461' title='bbox 1430 4079 1461 4094; x_wconf 89' lang='grc'>-</span> 
     </span>
     <span class='ocr_line' id='line_1_43' title="bbox 139 4119 1463 4189; baseline 0.005 -19"><span class='ocrx_word' id='word_1_462' title='bbox 139 4122 182 4171; x_wconf 90' lang='grc'><strong>11.</strong></span> <span class='ocrx_word' id='word_1_463' title='bbox 202 4119 296 4184; x_wconf 82' lang='lat' dir='ltr'><strong>cupide</strong></span> <span class='ocrx_word' id='word_1_464' title='bbox 313 4120 465 4173; x_wconf 71' lang='lat' dir='ltr'><strong>sisinn:</strong></span> <span class='ocrx_word' id='word_1_465' title='bbox 494 4124 616 4188; x_wconf 82' lang='lat' dir='ltr'><strong>cupidius</strong></span> <span class='ocrx_word' id='word_1_466' title='bbox 641 4125 710 4186; x_wconf 84' lang='lat' dir='ltr'><strong>(eum</strong></span> <span class='ocrx_word' id='word_1_467' title='bbox 730 4124 796 4176; x_wconf 82' lang='lat' dir='ltr'><strong>Coti.</strong></span> <span class='ocrx_word' id='word_1_468' title='bbox 822 4124 957 4187; x_wconf 82' lang='lat' dir='ltr'><strong>Zuiccst.)</strong></span> <span class='ocrx_word' id='word_1_469' title='bbox 984 4127 1020 4187; x_wconf 88' lang='lat' dir='ltr'><strong>ii,</strong></span> <span class='ocrx_word' id='word_1_470' title='bbox 1049 4127 1120 4189; x_wconf 81' lang='lat' dir='ltr'><strong>quoti</strong></span> <span class='ocrx_word' id='word_1_471' title='bbox 1142 4133 1230 4178; x_wconf 87' lang='lat' dir='ltr'><strong>tamen</strong></span> <span class='ocrx_word' id='word_1_472' title='bbox 1248 4129 1353 4179; x_wconf 85' lang='lat' dir='ltr'><strong>ridetur</strong></span> <span class='ocrx_word' id='word_1_473' title='bbox 1372 4125 1404 4177; x_wconf 83' lang='lat' dir='ltr'><strong>ab</strong></span> <span class='ocrx_word' id='word_1_474' title='bbox 1424 4126 1463 4176; x_wconf 92' lang='lat' dir='ltr'><strong>ln·</strong></span> 
     </span>
     <span class='ocr_line' id='line_1_44' title="bbox 139 4192 1463 4258; baseline 0.005 -17"><span class='ocrx_word' id='word_1_475' title='bbox 139 4192 309 4253; x_wconf 87' lang='lat' dir='ltr'><strong>terpolatore.</strong></span> <span class='ocrx_word' id='word_1_476' title='bbox 340 4216 368 4228; x_wconf 89' lang='lat'><em>-</em></span> <span class='ocrx_word' id='word_1_477' title='bbox 398 4194 442 4243; x_wconf 81' lang='lat' dir='ltr'><strong>ts.</strong></span> <span class='ocrx_word' id='word_1_478' title='bbox 462 4201 487 4245; x_wconf 88' lang='lat' dir='ltr'><strong>st</strong></span> <span class='ocrx_word' id='word_1_479' title='bbox 504 4197 536 4244; x_wconf 86' lang='lat' dir='ltr'><strong>de</strong></span> <span class='ocrx_word' id='word_1_480' title='bbox 552 4194 681 4244; x_wconf 78' lang='lat' dir='ltr'><strong>vocabulo</strong></span> <span class='ocrx_word' id='word_1_481' title='bbox 699 4195 737 4256; x_wconf 85' lang='lat' dir='ltr'><strong>tt,</strong></span> <span class='ocrx_word' id='word_1_482' title='bbox 762 4195 824 4247; x_wconf 80' lang='lat' dir='ltr'><strong>sm.</strong></span> <span class='ocrx_word' id='word_1_483' title='bbox 852 4223 884 4234; x_wconf 89' lang='lat'><em>-</em></span> <span class='ocrx_word' id='word_1_484' title='bbox 915 4200 971 4247; x_wconf 86' lang='lat' dir='ltr'><strong>eius</strong></span> <span class='ocrx_word' id='word_1_485' title='bbox 988 4201 1027 4248; x_wconf 86' lang='lat' dir='ltr'><strong>rei</strong></span> <span class='ocrx_word' id='word_1_486' title='bbox 1046 4213 1099 4249; x_wconf 89' lang='lat' dir='ltr'><strong>om.</strong></span> <span class='ocrx_word' id='word_1_487' title='bbox 1116 4198 1215 4247; x_wconf 74' lang='lat' dir='ltr'><strong>PABF.</strong></span> <span class='ocrx_word' id='word_1_488' title='bbox 1244 4223 1273 4236; x_wconf 90' lang='lat'><strong>··</strong></span> <span class='ocrx_word' id='word_1_489' title='bbox 1303 4198 1346 4248; x_wconf 89' lang='grc'><strong>13.</strong></span> <span class='ocrx_word' id='word_1_490' title='bbox 1368 4199 1463 4258; x_wconf 83' lang='lat' dir='ltr'><strong>optime</strong></span> 
     </span>
     <span class='ocr_line' id='line_1_45' title="bbox 138 4262 1461 4327; baseline 0.006 -17"><span class='ocrx_word' id='word_1_491' title='bbox 138 4267 219 4326; x_wconf 86' lang='lat' dir='ltr'><strong>potest</strong></span> <span class='ocrx_word' id='word_1_492' title='bbox 238 4262 368 4312; x_wconf 73' lang='lat' dir='ltr'>ABFRT:</span> <span class='ocrx_word' id='word_1_493' title='bbox 385 4272 471 4327; x_wconf 87' lang='lat' dir='ltr'><strong>potest</strong></span> <span class='ocrx_word' id='word_1_494' title='bbox 489 4266 585 4327; x_wconf 83' lang='lat' dir='ltr'><strong>optime</strong></span> <span class='ocrx_word' id='word_1_495' title='bbox 602 4265 655 4316; x_wconf 81' lang='lat' dir='ltr'><strong>PE.</strong></span> <span class='ocrx_word' id='word_1_496' title='bbox 671 4291 699 4303; x_wconf 93' lang='lat'><em>-</em></span> <span class='ocrx_word' id='word_1_497' title='bbox 721 4265 765 4316; x_wconf 83' lang='lat' dir='ltr'><strong>to.</strong></span> <span class='ocrx_word' id='word_1_498' title='bbox 783 4280 810 4317; x_wconf 88' lang='lat' dir='ltr'><strong>se</strong></span> <span class='ocrx_word' id='word_1_499' title='bbox 827 4266 949 4318; x_wconf 74' lang='lat' dir='ltr'><strong>riuus.</strong></span> <span class='ocrx_word' id='word_1_500' title='bbox 965 4294 994 4304; x_wconf 96' lang='lat'>-</span> <span class='ocrx_word' id='word_1_501' title='bbox 1014 4269 1057 4320; x_wconf 74' lang='lat'><strong>22.</strong></span> <span class='ocrx_word' id='word_1_502' title='bbox 1077 4269 1309 4319; x_wconf 80' lang='lat' dir='ltr'><strong>commutationem</strong></span> <span class='ocrx_word' id='word_1_503' title='bbox 1327 4268 1411 4326; x_wconf 78' lang='grc' dir='ltr'><strong>ΛΒΤ,</strong></span> <span class='ocrx_word' id='word_1_504' title='bbox 1424 4268 1461 4318; x_wconf 83' lang='lat' dir='ltr'><strong>L:</strong></span> 
     </span>
     <span class='ocr_line' id='line_1_46' title="bbox 137 4332 1463 4402; baseline 0.008 -22"><span class='ocrx_word' id='word_1_505' title='bbox 137 4334 311 4383; x_wconf 82' lang='lat' dir='ltr'><strong>mutationem</strong></span> <span class='ocrx_word' id='word_1_506' title='bbox 328 4332 428 4385; x_wconf 76' lang='lat' dir='ltr'><strong>PFRE.</strong></span> <span class='ocrx_word' id='word_1_507' title='bbox 461 4356 492 4369; x_wconf 91' lang='lat'>-</span> <span class='ocrx_word' id='word_1_508' title='bbox 519 4337 563 4385; x_wconf 68' lang='grc'><strong>11.</strong></span> <span class='ocrx_word' id='word_1_509' title='bbox 584 4335 632 4386; x_wconf 78' lang='lat' dir='ltr'><strong>vv.</strong></span> <span class='ocrx_word' id='word_1_510' title='bbox 659 4342 683 4384; x_wconf 87' lang='lat' dir='ltr'><strong>et</strong></span> <span class='ocrx_word' id='word_1_511' title='bbox 709 4337 957 4401; x_wconf 71' lang='lat' dir='ltr'><strong>umpttfieutiontous</strong></span> <span class='ocrx_word' id='word_1_512' title='bbox 983 4347 1106 4402; x_wconf 87' lang='lat' dir='ltr'><strong>suspecta</strong></span> <span class='ocrx_word' id='word_1_513' title='bbox 1134 4339 1256 4390; x_wconf 78' lang='lat' dir='ltr'><strong>Ernestio</strong></span> <span class='ocrx_word' id='word_1_514' title='bbox 1279 4339 1422 4401; x_wconf 79' lang='lat' dir='ltr'><strong>deletaque</strong></span> <span class='ocrx_word' id='word_1_515' title='bbox 1446 4353 1463 4391; x_wconf 86' lang='grc' dir='ltr'>ι</span> 
     </span>
     <span class='ocr_line' id='line_1_47' title="bbox 140 4404 1464 4470; baseline 0.004 -17"><span class='ocrx_word' id='word_1_516' title='bbox 140 4404 273 4459; x_wconf 74' lang='lat' dir='ltr'><strong>sentinis,</strong></span> <span class='ocrx_word' id='word_1_517' title='bbox 295 4409 358 4465; x_wconf 82' lang='lat' dir='ltr'><strong>uuis</strong></span> <span class='ocrx_word' id='word_1_518' title='bbox 371 4408 396 4454; x_wconf 92' lang='lat' dir='ltr'><strong>in</strong></span> <span class='ocrx_word' id='word_1_519' title='bbox 410 4418 486 4468; x_wconf 78' lang='lat' dir='ltr'><strong>seqq.</strong></span> <span class='ocrx_word' id='word_1_520' title='bbox 507 4406 578 4455; x_wconf 83' lang='lat' dir='ltr'><strong>nutis</strong></span> <span class='ocrx_word' id='word_1_521' title='bbox 595 4407 808 4467; x_wconf 78' lang='lat' dir='ltr'><strong>amplificationis</strong></span> <span class='ocrx_word' id='word_1_522' title='bbox 826 4413 925 4460; x_wconf 86' lang='lat' dir='ltr'><strong>mentio</strong></span> <span class='ocrx_word' id='word_1_523' title='bbox 944 4411 989 4470; x_wconf 88' lang='lat' dir='ltr'><strong>tit,</strong></span> <span class='ocrx_word' id='word_1_524' title='bbox 1010 4415 1126 4463; x_wconf 88' lang='lat' dir='ltr'><strong>retinent</strong></span> <span class='ocrx_word' id='word_1_525' title='bbox 1144 4408 1228 4459; x_wconf 85' lang='lat' dir='ltr'><strong>Codd.</strong></span> <span class='ocrx_word' id='word_1_526' title='bbox 1250 4414 1331 4460; x_wconf 87' lang='lat' dir='ltr'><strong>nostri</strong></span> <span class='ocrx_word' id='word_1_527' title='bbox 1352 4411 1400 4462; x_wconf 86' lang='lat' dir='ltr'><strong>etet</strong></span> <span class='ocrx_word' id='word_1_528' title='bbox 1418 4420 1464 4459; x_wconf 84' lang='lat' dir='ltr'><strong>rs·</strong></span> 
     </span>
     <span class='ocr_line' id='line_1_48' title="bbox 139 4475 1464 4542; baseline 0.005 -17"><span class='ocrx_word' id='word_1_529' title='bbox 139 4477 179 4525; x_wconf 90' lang='lat' dir='ltr'><strong>rio</strong></span> <span class='ocrx_word' id='word_1_530' title='bbox 196 4475 300 4524; x_wconf 86' lang='lat' dir='ltr'><strong>ordine.</strong></span> <span class='ocrx_word' id='word_1_531' title='bbox 321 4499 352 4510; x_wconf 98' lang='lat'>-</span> <span class='ocrx_word' id='word_1_532' title='bbox 376 4481 400 4525; x_wconf 86' lang='lat' dir='ltr'><strong>et</strong></span> <span class='ocrx_word' id='word_1_533' title='bbox 417 4477 494 4527; x_wconf 80' lang='lat' dir='ltr'><strong>relus</strong></span> <span class='ocrx_word' id='word_1_534' title='bbox 511 4477 636 4527; x_wconf 79' lang='lat' dir='ltr'><strong>iudicatis</strong></span> <span class='ocrx_word' id='word_1_535' title='bbox 655 4478 762 4528; x_wconf 73' lang='lat' dir='ltr'><strong>sisare</strong></span> <span class='ocrx_word' id='word_1_536' title='bbox 789 4485 814 4529; x_wconf 88' lang='lat' dir='ltr'><strong>et</strong></span> <span class='ocrx_word' id='word_1_537' title='bbox 831 4481 955 4530; x_wconf 82' lang='lat' dir='ltr'><strong>iudicatis</strong></span> <span class='ocrx_word' id='word_1_538' title='bbox 974 4481 1010 4537; x_wconf 83' lang='lat' dir='ltr'><strong>E,</strong></span> <span class='ocrx_word' id='word_1_539' title='bbox 1031 4496 1084 4533; x_wconf 82' lang='lat' dir='ltr'><strong>om.</strong></span> <span class='ocrx_word' id='word_1_540' title='bbox 1099 4481 1165 4530; x_wconf 83' lang='lat' dir='ltr'><strong>haec</strong></span> <span class='ocrx_word' id='word_1_541' title='bbox 1184 4479 1234 4528; x_wconf 75' lang='lat' dir='ltr'><strong>PF.</strong></span> <span class='ocrx_word' id='word_1_542' title='bbox 1255 4505 1287 4517; x_wconf 87' lang='lat'><strong>-</strong></span> <span class='ocrx_word' id='word_1_543' title='bbox 1311 4481 1386 4531; x_wconf 80' lang='lat' dir='ltr'><strong>relus</strong></span> <span class='ocrx_word' id='word_1_544' title='bbox 1404 4485 1464 4542; x_wconf 82' lang='lat' dir='ltr'><strong>pou</strong></span> 
     </span>
     <span class='ocr_line' id='line_1_49' title="bbox 140 4545 1461 4612; baseline 0.008 -16"><span class='ocrx_word' id='word_1_545' title='bbox 140 4559 164 4596; x_wconf 83' lang='grc' dir='ltr'><strong>ι.</strong></span> <span class='ocrx_word' id='word_1_546' title='bbox 176 4548 265 4595; x_wconf 86' lang='lat' dir='ltr'><strong>eeisris</strong></span> <span class='ocrx_word' id='word_1_547' title='bbox 279 4547 375 4596; x_wconf 90' lang='lat' dir='ltr'><strong>omittit</strong></span> <span class='ocrx_word' id='word_1_548' title='bbox 387 4545 419 4596; x_wconf 84' lang='grc' dir='ltr'><strong>Ι..</strong></span> <span class='ocrx_word' id='word_1_549' title='bbox 434 4548 518 4597; x_wconf 69' lang='grc'><strong>6013.</strong></span> <span class='ocrx_word' id='word_1_550' title='bbox 534 4551 614 4598; x_wconf 90' lang='lat' dir='ltr'><strong>nostri</strong></span> <span class='ocrx_word' id='word_1_551' title='bbox 632 4555 746 4599; x_wconf 85' lang='lat' dir='ltr'><strong>servant.</strong></span> <span class='ocrx_word' id='word_1_552' title='bbox 763 4573 791 4584; x_wconf 90' lang='lat'><em>-</em></span> <span class='ocrx_word' id='word_1_553' title='bbox 813 4549 856 4599; x_wconf 77' lang='lat'><strong>25.</strong></span> <span class='ocrx_word' id='word_1_554' title='bbox 877 4550 1087 4612; x_wconf 83' lang='lat' dir='ltr'><strong>locupletandum</strong></span> <span class='ocrx_word' id='word_1_555' title='bbox 1099 4551 1136 4605; x_wconf 81' lang='lat' dir='ltr'><strong>R.</strong></span> <span class='ocrx_word' id='word_1_556' title='bbox 1159 4549 1189 4599; x_wconf 79' lang='lat' dir='ltr'><strong>L·</strong></span> <span class='ocrx_word' id='word_1_557' title='bbox 1203 4572 1236 4584; x_wconf 90' lang='lat'>-</span> <span class='ocrx_word' id='word_1_558' title='bbox 1255 4551 1297 4599; x_wconf 73' lang='lat' dir='ltr'><strong>dii</strong></span> <span class='ocrx_word' id='word_1_559' title='bbox 1308 4551 1461 4601; x_wconf 71' lang='lat' dir='ltr'><strong>PXBFRTt</strong></span> 
     </span>
     <span class='ocr_line' id='line_1_50' title="bbox 140 4613 1464 4682; baseline 0.007 -18"><span class='ocrx_word' id='word_1_560' title='bbox 140 4617 176 4664; x_wconf 87' lang='lat' dir='ltr'><strong>iis</strong></span> <span class='ocrx_word' id='word_1_561' title='bbox 195 4616 225 4666; x_wconf 81' lang='lat' dir='ltr'><strong>E.</strong></span> <span class='ocrx_word' id='word_1_562' title='bbox 251 4640 283 4651; x_wconf 92' lang='lat'>-</span> <span class='ocrx_word' id='word_1_563' title='bbox 311 4613 399 4679; x_wconf 79' lang='lat' dir='ltr'><strong>relus]</strong></span> <span class='ocrx_word' id='word_1_564' title='bbox 429 4617 564 4681; x_wconf 73' lang='lat' dir='ltr'><strong>generibus</strong></span> <span class='ocrx_word' id='word_1_565' title='bbox 588 4619 671 4668; x_wconf 86' lang='lat' dir='ltr'><strong>Codd.</strong></span> <span class='ocrx_word' id='word_1_566' title='bbox 692 4620 754 4682; x_wconf 81' lang='lat' dir='ltr'><strong>aiio.</strong></span> <span class='ocrx_word' id='word_1_567' title='bbox 774 4626 801 4669; x_wconf 88' lang='lat' dir='ltr'><strong>et</strong></span> <span class='ocrx_word' id='word_1_568' title='bbox 819 4621 849 4668; x_wconf 80' lang='lat' dir='ltr'><strong>i..</strong></span> <span class='ocrx_word' id='word_1_569' title='bbox 871 4624 961 4675; x_wconf 89' lang='lat' dir='ltr'><strong>tuostri</strong></span> <span class='ocrx_word' id='word_1_570' title='bbox 981 4627 1057 4678; x_wconf 84' lang='lat' dir='ltr'><strong>non.)</strong></span> <span class='ocrx_word' id='word_1_571' title='bbox 1093 4619 1218 4671; x_wconf 81' lang='lat' dir='ltr'><strong>variandi</strong></span> <span class='ocrx_word' id='word_1_572' title='bbox 1241 4621 1329 4673; x_wconf 86' lang='lat' dir='ltr'><strong>studio</strong></span> <span class='ocrx_word' id='word_1_573' title='bbox 1348 4623 1398 4673; x_wconf 82' lang='lat' dir='ltr'><strong>isos</strong></span> <span class='ocrx_word' id='word_1_574' title='bbox 1418 4625 1464 4672; x_wconf 87' lang='lat' dir='ltr'><strong>tri·</strong></span> 
     </span>
     <span class='ocr_line' id='line_1_51' title="bbox 141 4686 1464 4754; baseline 0.005 -18"><span class='ocrx_word' id='word_1_575' title='bbox 141 4686 275 4737; x_wconf 76' lang='lat' dir='ltr'><strong>nuendum</strong></span> <span class='ocrx_word' id='word_1_576' title='bbox 294 4688 407 4737; x_wconf 84' lang='lat' dir='ltr'><strong>ridetur.</strong></span> <span class='ocrx_word' id='word_1_577' title='bbox 430 4714 460 4724; x_wconf 95' lang='lat'><em>-</em></span> <span class='ocrx_word' id='word_1_578' title='bbox 490 4689 534 4738; x_wconf 80' lang='lat'><strong>2¹1.</strong></span> <span class='ocrx_word' id='word_1_579' title='bbox 554 4696 603 4738; x_wconf 85' lang='lat' dir='ltr'><strong>eut</strong></span> <span class='ocrx_word' id='word_1_580' title='bbox 620 4690 673 4737; x_wconf 83' lang='lat' dir='ltr'><strong>siti</strong></span> <span class='ocrx_word' id='word_1_581' title='bbox 690 4692 741 4754; x_wconf 80' lang='lat' dir='ltr'><strong>ipsi</strong></span> <span class='ocrx_word' id='word_1_582' title='bbox 760 4689 881 4739; x_wconf 75' lang='lat' dir='ltr'><strong>Parui.</strong></span> <span class='ocrx_word' id='word_1_583' title='bbox 902 4692 942 4740; x_wconf 76' lang='lat' dir='ltr'><strong>Ab</strong></span> <span class='ocrx_word' id='word_1_584' title='bbox 961 4695 984 4741; x_wconf 81' lang='grc' dir='ltr'><strong>Α</strong></span> <span class='ocrx_word' id='word_1_585' title='bbox 1002 4693 1052 4743; x_wconf 80' lang='lat' dir='ltr'><strong>sili</strong></span> <span class='ocrx_word' id='word_1_586' title='bbox 1070 4691 1174 4743; x_wconf 86' lang='lat' dir='ltr'><strong>ridetur</strong></span> <span class='ocrx_word' id='word_1_587' title='bbox 1191 4690 1296 4741; x_wconf 85' lang='lat' dir='ltr'><strong>abesse.</strong></span> <span class='ocrx_word' id='word_1_588' title='bbox 1317 4719 1347 4730; x_wconf 96' lang='lat'><em>-</em></span> <span class='ocrx_word' id='word_1_589' title='bbox 1376 4693 1421 4743; x_wconf 78' lang='grc'><strong>33.</strong></span> <span class='ocrx_word' id='word_1_590' title='bbox 1439 4690 1464 4743; x_wconf 86' lang='lat' dir='ltr'><strong>si</strong></span> 
     </span>
     <span class='ocr_line' id='line_1_52' title="bbox 141 4756 1464 4827; baseline 0.005 -20"><span class='ocrx_word' id='word_1_591' title='bbox 141 4764 199 4820; x_wconf 89' lang='lat' dir='ltr'><strong>post</strong></span> <span class='ocrx_word' id='word_1_592' title='bbox 210 4764 258 4806; x_wconf 85' lang='lat' dir='ltr'><strong>uui</strong></span> <span class='ocrx_word' id='word_1_593' title='bbox 270 4770 323 4808; x_wconf 85' lang='lat' dir='ltr'><strong>orn.</strong></span> <span class='ocrx_word' id='word_1_594' title='bbox 337 4756 440 4819; x_wconf 75' lang='lat' dir='ltr'><strong>Pari,</strong></span> <span class='ocrx_word' id='word_1_595' title='bbox 459 4756 489 4810; x_wconf 84' lang='grc'><strong>1..</strong></span> <span class='ocrx_word' id='word_1_596' title='bbox 509 4782 543 4794; x_wconf 93' lang='grc'>-</span> <span class='ocrx_word' id='word_1_597' title='bbox 561 4759 604 4808; x_wconf 76' lang='lat'><strong>29.</strong></span> <span class='ocrx_word' id='word_1_598' title='bbox 622 4761 742 4820; x_wconf 85' lang='lat' dir='ltr'><strong>postulat</strong></span> <span class='ocrx_word' id='word_1_599' title='bbox 754 4759 858 4818; x_wconf 73' lang='lat' dir='ltr'><strong>ruri,</strong></span> <span class='ocrx_word' id='word_1_600' title='bbox 876 4763 1028 4824; x_wconf 78' lang='lat' dir='ltr'><strong>postulabat</strong></span> <span class='ocrx_word' id='word_1_601' title='bbox 1041 4763 1073 4812; x_wconf 84' lang='lat' dir='ltr'><strong>it.</strong></span> <span class='ocrx_word' id='word_1_602' title='bbox 1091 4785 1124 4797; x_wconf 89' lang='lat'>-</span> <span class='ocrx_word' id='word_1_603' title='bbox 1148 4759 1191 4809; x_wconf 85' lang='grc'><strong>30.</strong></span> <span class='ocrx_word' id='word_1_604' title='bbox 1205 4762 1300 4811; x_wconf 85' lang='lat' dir='ltr'><strong>vitiose</strong></span> <span class='ocrx_word' id='word_1_605' title='bbox 1311 4762 1464 4827; x_wconf 68' lang='lat' dir='ltr'><strong>proferetur</strong></span> 
     </span>
     <span class='ocr_line' id='line_1_53' title="bbox 93 4828 1462 4902; baseline 0.008 -24"><span class='ocrx_word' id='word_1_606' title='bbox 93 4867 94 4870; x_wconf 66' lang='lat'><strong>,</strong></span> <span class='ocrx_word' id='word_1_607' title='bbox 140 4828 245 4885; x_wconf 76' lang='grc' dir='ltr'><strong>ΡΑΒΤ.</strong></span> <span class='ocrx_word' id='word_1_608' title='bbox 264 4828 294 4877; x_wconf 80' lang='grc' dir='ltr'><strong>Ι..</strong></span> <span class='ocrx_word' id='word_1_609' title='bbox 315 4851 347 4864; x_wconf 89' lang='grc'>-</span> <span class='ocrx_word' id='word_1_610' title='bbox 366 4841 395 4879; x_wconf 84' lang='lat' dir='ltr'><strong>re</strong></span> <span class='ocrx_word' id='word_1_611' title='bbox 409 4831 559 4895; x_wconf 66' lang='lat' dir='ltr'><strong>protuetur</strong></span> <span class='ocrx_word' id='word_1_612' title='bbox 575 4828 656 4888; x_wconf 81' lang='lat' dir='ltr'><strong>PFR,</strong></span> <span class='ocrx_word' id='word_1_613' title='bbox 676 4844 704 4881; x_wconf 83' lang='lat' dir='ltr'><strong>rs</strong></span> <span class='ocrx_word' id='word_1_614' title='bbox 720 4833 858 4896; x_wconf 65' lang='lat' dir='ltr'><strong>profertur</strong></span> <span class='ocrx_word' id='word_1_615' title='bbox 876 4833 930 4886; x_wconf 82' lang='lat' dir='ltr'><strong>BT.</strong></span> <span class='ocrx_word' id='word_1_616' title='bbox 950 4859 984 4870; x_wconf 85' lang='lat'>-</span> <span class='ocrx_word' id='word_1_617' title='bbox 1003 4833 1047 4884; x_wconf 92' lang='grc'><strong>31.</strong></span> <span class='ocrx_word' id='word_1_618' title='bbox 1066 4834 1089 4884; x_wconf 91' lang='lat' dir='ltr'><strong>si</strong></span> <span class='ocrx_word' id='word_1_619' title='bbox 1107 4844 1160 4884; x_wconf 85' lang='lat' dir='ltr'><strong>ont.</strong></span> <span class='ocrx_word' id='word_1_620' title='bbox 1177 4830 1275 4882; x_wconf 75' lang='grc' dir='ltr'><strong>ΡΑΤΤ.</strong></span> <span class='ocrx_word' id='word_1_621' title='bbox 1296 4859 1324 4874; x_wconf 92' lang='lat'><strong>·-</strong></span> <span class='ocrx_word' id='word_1_622' title='bbox 1346 4833 1389 4887; x_wconf 87' lang='grc'><strong>33.</strong></span> <span class='ocrx_word' id='word_1_623' title='bbox 1408 4838 1462 4902; x_wconf 74' lang='lat' dir='ltr'><strong>ssi,</strong></span> 
     </span>
     <span class='ocr_line' id='line_1_54' title="bbox 141 4898 837 4966; baseline 0.003 -15"><span class='ocrx_word' id='word_1_624' title='bbox 141 4899 211 4966; x_wconf 74' lang='lat' dir='ltr'><strong>quod</strong></span> <span class='ocrx_word' id='word_1_625' title='bbox 227 4898 252 4950; x_wconf 82' lang='lat' dir='ltr'><strong>u</strong></span> <span class='ocrx_word' id='word_1_626' title='bbox 269 4904 296 4952; x_wconf 88' lang='lat' dir='ltr'><strong>et</strong></span> <span class='ocrx_word' id='word_1_627' title='bbox 314 4909 355 4962; x_wconf 84' lang='lat' dir='ltr'><strong>pr.</strong></span> <span class='ocrx_word' id='word_1_628' title='bbox 372 4899 405 4952; x_wconf 83' lang='lat' dir='ltr'><strong>T.</strong></span> <span class='ocrx_word' id='word_1_629' title='bbox 442 4900 476 4952; x_wconf 87' lang='lat' dir='ltr'><strong>tit</strong></span> <span class='ocrx_word' id='word_1_630' title='bbox 492 4913 556 4964; x_wconf 87' lang='lat' dir='ltr'><strong>nos,</strong></span> <span class='ocrx_word' id='word_1_631' title='bbox 575 4900 663 4952; x_wconf 72' lang='lat' dir='ltr'><strong>rituti</strong></span> <span class='ocrx_word' id='word_1_632' title='bbox 683 4907 710 4954; x_wconf 88' lang='lat' dir='ltr'><strong>et</strong></span> <span class='ocrx_word' id='word_1_633' title='bbox 728 4913 787 4953; x_wconf 84' lang='lat' dir='ltr'><strong>corr</strong></span> <span class='ocrx_word' id='word_1_634' title='bbox 805 4902 837 4953; x_wconf 83' lang='lat' dir='ltr'><strong>T.</strong></span> 
     </span>
    </p>
   </div>
   <div class='ocr_carea' id='block_1_4' title="bbox 0 0 1635 5392">
    <p class='ocr_par' dir='ltr' id='par_1_5' title="bbox 0 0 1635 5392">
     <span class='ocr_line' id='line_1_55' title="bbox 0 0 1635 5392; baseline 0 0"><span class='ocrx_word' id='word_1_635' title='bbox 0 0 1635 5392; x_wconf 95' lang='lat' dir='ltr'><strong> </strong></span> 
     </span>
    </p>
   </div>
  </div>
 </body>
</html>
