3232 5392
573 245 651 310 LlB.
674 243 702 308 1.
747 240 782 309 C.
808 241 859 313 ff.
882 243 934 310 16.
958 241 1010 308 fd.
1418 245 1456 310 tt

133 405 188 494 qui
209 409 248 472 de
269 425 310 472 eo
331 426 439 481 servo,
461 405 517 495 qui
538 403 698 472 dominum
720 403 893 488 occiderat,
915 401 1103 487 supplicium
1124 401 1272 487 sumpsit,
1295 401 1346 468 cui
1360 400 1459 470 freter

133 509 230 576 esset,
264 511 430 591 antequam
457 501 579 568 nomas
607 497 783 566 testamenti
811 497 950 585 apernit,
983 501 1107 564 cumis
1135 519 1245 564 servus
1274 505 1458 566 testamenta

132 596 341 664 manumissus
361 605 461 677 esset;
484 599 761 669 necessitudinem,
784 602 819 660 ut
839 593 909 669 ille,
943 593 997 680 qui
1018 591 1058 660 ad
1079 591 1161 660 diem
1183 598 1373 659 commeatus
1394 611 1458 658 nun

132 692 232 765 venit,
255 692 340 779 quod
362 713 434 758 eum
456 712 555 774 aquae
575 690 831 758 interclusissent.
872 688 1057 771 Deprecatio
1080 696 1142 763 est,
1165 709 1239 755 cum
1260 695 1292 753 et
1312 707 1457 770 peccasse

132 804 167 853 se
188 795 221 852 et
241 786 383 853 consulto
405 786 516 851 fecisse
541 784 637 871 [reus]
661 783 842 858 confitetur,
875 791 1031 850 ettamen
1053 785 1205 867 postulat,
1238 792 1273 850 ut
1294 783 1341 848 sui
1364 782 1480 850 mise-s

132 891 270 948 reantur.
312 884 382 946 lloc
402 881 434 944 in
456 879 573 945 iudicio
595 900 659 945 uon
679 877 747 944 fere
768 887 871 962 potest
892 900 951 944 usu
980 883 1103 954 venire,
1137 878 1213 953 nisi,
1248 876 1373 964 quando
1394 898 1455 961 pru

132 996 172 1042 eo
193 974 341 1048 dicimus,
363 979 452 1040 cuius
473 974 568 1039 multa
589 982 675 1038 recte
696 972 775 1038 facta
797 982 934 1046 exstant,
957 977 1017 1039 hoc
1038 972 1132 1038 modo
1154 972 1187 1038 iu
1209 972 1279 1038 loco
1296 970 1456 1037 communi

131 1090 191 1155 per
210 1067 482 1151 amplificationem
504 1068 696 1133 iniieiemns:
731 1066 851 1146 Quodsi
873 1072 934 1132 hoc
955 1066 1093 1142 fecisset,
1125 1075 1228 1133 mmen
1256 1071 1286 1132 ci
1309 1087 1370 1150 pro
1391 1065 1457 1152 pri·

132 1162 220 1229 stinis
241 1161 400 1228 beneficiis
420 1161 540 1248 ignosci
562 1161 761 1240 conveniret;
798 1183 908 1228 verum
934 1162 1010 1227 nihil
1035 1163 1170 1247 postulat
1192 1162 1325 1246 ignosci.
1369 1163 1454 1246 Ergo

131 1257 164 1323 in
186 1256 335 1322 iudicium
357 1277 420 1322 nou
442 1256 542 1334 veuit3
564 1266 595 1321 at
615 1256 648 1320 in
669 1264 811 1322 senatum
833 1267 887 1323 aut
908 1266 979 1322 ante
1000 1255 1222 1340 imperatorem
1246 1262 1277 1320 et
1298 1255 1330 1319 in
1352 1255 1494 1323 cousi-as

130 1351 208 1417 lium
230 1349 300 1416 talis
320 1371 413 1416 causa
434 1358 538 1436 potest
558 1348 676 1416 venire.
719 1353 787 1416 XV.
808 1354 861 1416 25.
896 1354 945 1416 lix
972 1349 1171 1415 translatione
1200 1347 1341 1414 miminis
1362 1368 1455 1415 causa

131 1452 267 1521 constat,
304 1465 375 1509 cnm
406 1442 518 1509 fecisse
548 1464 605 1508 nos
634 1464 697 1508 non
726 1465 892 1529 negamus,
926 1443 981 1510 sed
1010 1443 1144 1508 aliorum
1173 1443 1308 1526 peccatis
1330 1452 1455 1509 coaetos

131 1537 242 1604 fecisse
264 1538 410 1604 dicimus:
433 1548 468 1603 nt
489 1541 618 1604 Orestes
639 1559 711 1604 cum
734 1561 768 1604 se
790 1538 944 1614 defendit,
967 1539 1000 1603 in
1021 1548 1153 1603 matrem
1176 1537 1298 1603 confert
1320 1537 1451 1603 crimen.

130 1637 180 1700 Ex
201 1637 377 1699 remotione
400 1632 538 1698 criminis
559 1654 650 1698 causa
672 1643 809 1707 constat,
831 1654 902 1699 cum
924 1655 943 1698 a
964 1631 1054 1698 nobis
1076 1653 1140 1698 non
1161 1633 1295 1706 crimen,
1317 1638 1370 1698 sed
1391 1633 1455 1698 cul-

131 1748 204 1811 pam
226 1727 325 1813 ipsam
347 1748 527 1793 amovemus
548 1739 581 1793 et
601 1728 652 1794 vel
673 1727 705 1793 in
729 1728 889 1794 hominem
911 1726 1127 1793 transferimus
1142 1729 1192 1792 vel
1214 1726 1247 1792 in
1262 1748 1330 1792 rem
1345 1749 1492 1814 quam-as
1611 1795 1613 1798 .

131 1821 214 1906 piam
234 1821 435 1887 conferimus.
479 1824 515 1887 ln
536 1821 695 1893 homiuem
717 1821 922 1898 transfertur,
959 1830 994 1887 ut
1022 1822 1049 1886 si
1079 1831 1241 1887 accusetur
1263 1821 1307 1896 is,
1343 1821 1398 1908 qui
1419 1824 1454 1892 P.

132 1915 302 2000 Sulpicium
323 1936 358 1980 ae
378 1915 513 1981 fateatur
534 1919 706 1993 occidisse,
739 1927 772 1982 et
793 1920 824 1981 id
848 1919 934 1981 iussu
968 1919 1131 1981 consulum
1165 1917 1315 1981 defendat
1345 1926 1376 1981 et
1398 1937 1455 1982 εοε

131 2012 215 2074 dicat
236 2029 300 2073 uon
322 2012 419 2074 modo
441 2013 631 2096 imperasse,
666 2014 721 2077 sed
745 2014 898 2077 rationem
922 2031 1046 2098 quoqne
1070 2013 1262 2087 ostendisse,
1301 2033 1398 2096 quare
1420 2013 1453 2076 id

130 2105 235 2170 facere
251 2102 377 2170 liceret.
421 2109 457 2171 ln
478 2126 547 2171 rem
568 2105 744 2182 confertur,
767 2116 802 2172 ut
823 2106 850 2171 si
873 2106 959 2192 quis,
982 2127 1021 2172 ex
1044 2114 1228 2171 testamento
1251 2103 1336 2192 quod
1350 2102 1454 2170 facere

130 2199 233 2264 iussus
253 2200 309 2274 sit,
341 2221 382 2264 cx
404 2200 568 2286 plebiscito
590 2210 721 2266 vetetur.
765 2204 813 2266 Ex
834 2201 1067 2286 comparatione
1089 2220 1182 2265 causa
1208 2207 1344 2273 constat,
1378 2220 1491 2265 cumas

130 2292 262 2357 dicimus
284 2313 413 2358 necesse
435 2293 532 2359 fuisse
554 2294 737 2360 alterutrum
760 2294 878 2369 facere,
908 2304 938 2359 et
960 2295 1008 2367 id,
1038 2293 1124 2380 quod
1144 2292 1328 2368 fecerimus,
1358 2293 1454 2360 satius

129 2384 226 2450 fuisse
246 2385 363 2451 facere.
408 2392 452 2453 Ea
475 2408 567 2453 causa
587 2388 768 2454 huiusmodi
791 2397 852 2455 est:
878 2391 910 2454 C.
931 2388 1099 2471 Popillius,
1122 2408 1194 2453 cum
1213 2409 1232 2452 a
1254 2386 1348 2453 Gallis
1370 2385 1456 2452 obsi·

130 2478 260 2546 deretur
288 2501 392 2567 neque
421 2480 562 2565 effugere
590 2483 655 2548 ullo
685 2481 782 2549 modo
808 2493 932 2568 posset,
960 2483 1049 2549 venit
1070 2504 1141 2548 cum
1163 2483 1300 2549 hostium
1323 2481 1454 2547 ducibus

129 2576 162 2642 in
184 2574 443 2654 collocutionem
471 2576 515 2641 ita
543 2575 702 2651 discessit,
735 2584 770 2642 ut
796 2577 1018 2663 impedimenta
1038 2576 1245 2664 relinqueret,
1279 2576 1453 2642 exercitum

129 2670 287 2738 educmet
330 2673 431 2737 Satius
463 2692 532 2736 esse
567 2671 657 2736 duxit
695 2670 838 2736 amittere
872 2669 1091 2755 impedimenta
1128 2692 1223 2757 quam
1257 2669 1490 2749 exercitum32s

131 2766 306 2832 exercitum
322 2764 443 2837 eduxit,
459 2765 679 2852 impedimenta
695 2764 839 2850 reliquit:
862 2763 1030 2829 arcessitur
1043 2763 1222 2829 maiestatis.
1266 2766 1349 2832 xvt.
1362 2767 1453 2842 Quae

130 2860 368 2926 constitutiones
405 2867 437 2924 et
468 2881 548 2945 quae
581 2860 833 2925 constitutionum
865 2868 970 2944 partes
1007 2860 1084 2933 sint,
1120 2858 1231 2925 videor
1268 2859 1451 2926 ostendisse.

129 2960 218 3021 Nunc
241 2975 306 3042 quo
327 2952 424 3019 modo
446 2975 500 3020 eas
522 2963 552 3019 et
574 2955 706 3041 quasia
729 2953 854 3020 tractari
876 2954 1057 3027 conueniat,
1085 2953 1360 3022 demonstrandum
1383 2961 1450 3030 est,

128 3050 154 3115 si
175 3051 265 3133 prius
287 3047 519 3134 aperuerimus,
543 3048 619 3135 quid
640 3059 784 3135 oporteat
804 3053 843 3113 ab
864 3047 1019 3114 ambobus
1040 3049 1180 3115 incensa
1200 3048 1364 3123 destinari,
1387 3068 1452 3135 quo

127 3145 209 3211 ratio
230 3143 332 3209 omnis
354 3142 451 3207 totius
473 3143 625 3209 orationis
648 3143 838 3209 conferatur.
1461 3166 1489 3208 ss

212 3243 264 3303 26.
307 3237 533 3302 Constitutione
553 3240 651 3321 igitur
670 3248 813 3324 reperta,
837 3240 940 3304 statim
961 3237 1139 3324 quaerenda
1161 3247 1208 3303 est
1226 3239 1318 3302 ratio.
1360 3237 1451 3303 Ratio

128 3342 190 3408 est,
223 3352 303 3420 quae
325 3351 449 3396 causam
471 3330 545 3396 facit
566 3341 598 3397 et
618 3333 756 3397 continet
777 3330 1006 3405 defensionem,
1039 3337 1099 3397 laoc
1121 3330 1233 3406 modo,
1260 3340 1295 3396 ut
1318 3329 1451 3396 docendi

129 3448 222 3493 causa
244 3427 275 3490 in
297 3429 356 3491 hac
377 3425 573 3511 potissimum
595 3447 688 3491 causa
710 3427 931 3493 consistamus:
954 3429 1098 3502 Orestes,
1121 3448 1191 3491 curn
1214 3423 1399 3491 confitentur
1415 3446 1450 3490 se

128 3521 281 3587 occidisse
302 3528 450 3595 matrem,
477 3519 538 3584 nisi
559 3520 696 3586 attulerit
718 3520 789 3586 facti
812 3521 981 3596 rationem,
1010 3520 1199 3606 perverterit
1220 3518 1447 3585 defensionem.

127 3619 212 3700 Ergo
234 3613 324 3680 affert
345 3634 431 3688 eam,
469 3633 549 3701 quae
577 3615 637 3680 nisi
663 3614 883 3691 intercederet,
916 3635 955 3680 ne
982 3635 1074 3679 causa
1101 3613 1229 3700 quidem
1260 3623 1352 3680 esset.
1395 3615 1487 3681 lllass

128 3710 227 3784 enim,
259 3706 373 3793 inquit,
406 3717 527 3793 patrem
555 3730 660 3776 meum
689 3709 856 3776 occiderat.
898 3712 982 3792 Ergo
1005 3708 1049 3791 (ut
1070 3707 1203 3785 ostendi)
1224 3709 1306 3775 ratio
1328 3730 1364 3775 ea
1386 3718 1448 3784 est,

129 3825 209 3890 quae
231 3807 368 3874 continet
389 3800 619 3882 defensionem,
655 3805 721 3869 sine
751 3825 812 3889 qua
842 3824 883 3868 nc
906 3824 1001 3889 parva
1023 3802 1148 3889 quidem
1172 3801 1325 3869 dubitatio
1346 3813 1450 3889 potest

194 4067 219 4116 1.
238 4069 386 4130 occideret,
406 4071 449 4120 cut
466 4067 551 4131 frater
569 4077 653 4128 esset,
672 4071 830 4134 supplicium
847 4073 956 4132 assmpsit
974 4070 1066 4120 Lemo.
1087 4069 1162 4128 θεὴ..
1183 4070 1308 4133 idemque
1328 4069 1447 4131 placebat

128 4133 259 4186 Ernestto.
282 4164 310 4175 -
340 4140 366 4189 2.
387 4143 529 4200 operuisset
547 4156 615 4192 uuus
634 4141 741 4204 Gryphtt
762 4149 788 4193 et
808 4142 962 4200 Gothsnus,
988 4141 1051 4192 Seli.
1073 4167 1105 4176 -
1136 4146 1289 4191 testamento
1307 4144 1449 4190 manumis-

126 4216 171 4254 ssrs
188 4207 319 4274 rasurus
337 4212 515 4261 manumissus
533 4216 688 4263 testamento
706 4212 761 4261 llll.
778 4238 807 4249 -
828 4213 854 4262 5.
874 4226 934 4262 rens
952 4226 1004 4261 om.
1020 4212 1142 4262 Pasas.
1168 4212 1222 4261 Nos
1235 4211 1400 4261 seclusimus.
1416 4236 1447 4248 -

126 4274 153 4324 3.
181 4291 236 4327 oon
258 4280 313 4344 fere
337 4289 425 4342 potest
451 4282 541 4332 11117
568 4290 594 4332 et
618 4296 685 4334 corr.
712 4284 747 4333 ab
765 4286 872 4345 suttune
900 4298 935 4332 m.
955 4285 992 4341 P,
1026 4287 1070 4346 unt
1091 4297 1130 4344 pr.
1151 4295 1204 4332 om.
1223 4294 1295 4339 ooo,
1323 4286 1387 4331 trem
1408 4283 1446 4332 L:

126 4345 179 4409 {ere
195 4362 249 4398 nors
265 4356 350 4412 potest
368 4351 409 4409 ll,
436 4365 492 4401 oon
507 4359 593 4416 potest
611 4355 665 4414 fere
682 4353 714 4402 B.
735 4378 765 4390 -
792 4357 893 4404 evenire
911 4354 968 4403 Rl'.
990 4379 1020 4390 -
1046 4354 1074 4404 7.
1093 4359 1199 4403 exstant
1218 4351 1304 4401 PltT:
1323 4359 1449 4404 constant

127 4416 225 4467 aare.
244 4416 358 4479 (exstem
375 4425 444 4472 recte
462 4421 536 4484 [octo
553 4424 637 4474 mauu
656 4437 695 4484 pr.
715 4423 753 4481 T,
784 4432 851 4473 recte
869 4423 941 4484 sueto
958 4425 1045 4473 mutto
1063 4429 1169 4474 sestam
1189 4435 1256 4471 corr.
1276 4418 1320 4484 Τ.)
1341 4447 1370 4459 -
1403 4424 1446 4474 10.

125 4489 155 4537 to
173 4496 233 4539 ente
252 4493 387 4540 consitium
407 4506 460 4543 om.
480 4494 555 4543 ΛΠ.
574 4519 605 4529 -
626 4493 668 4545 13.
689 4496 822 4559 conserens
835 4494 888 4543 ΡΤ.
905 4522 933 4533 -
958 4495 1001 4544 16.
1021 4500 1163 4545 accusatur
1175 4493 1258 4553 PBT,
1278 4500 1449 4544 accusaretur

126 4558 203 4608 arn.
225 4584 256 4596 -
277 4561 318 4610 17.
339 4561 456 4622 defendit
474 4562 506 4613 a.
527 4589 557 4600 -
584 4564 628 4614 2³.
648 4564 738 4628 sapen
755 4564 902 4615 eantur.
926 4589 955 4601 -
985 4566 1026 4614 et.
1047 4572 1075 4615 ot
1092 4565 1276 4625 impedimento
1292 4563 1446 4616 roslar:

126 4635 174 4687 ut,
193 4632 216 4678 ss·
232 4633 416 4690 impedimento
436 4646 496 4683 cum
516 4633 624 4697 Grypau
642 4648 696 4685 unu
715 4644 742 4685 et
759 4635 834 4686 Letd.
854 4649 907 4685 sec.
928 4637 959 4687 ll.
995 4637 1112 4687 Alterum
1128 4635 1271 4684 etticsctus.
1296 4659 1330 4669 -
1347 4635 1391 4685 13.
1406 4649 1448 4687 uc·

126 4702 237 4749 cerss'tur
255 4701 329 4751 ΡΠ.
352 4728 381 4739 -
411 4703 453 4753 31.
475 4705 748 4755 Vr.1totioestom.
770 4706 897 4767 Panna,
917 4716 1003 4756 servet
1015 4707 1044 4755 1¹¹.
1060 4732 1091 4741 -
1122 4705 1164 4752 33.
1185 4705 1217 4753 V.
1241 4717 1324 4754 rouro
1341 4714 1402 4756 ante
1421 4721 1446 4756 r.

126 4772 299 4821 ccmtstnmus
315 4774 412 4823 habent
430 4788 521 4826 omnes
537 4780 616 4826 nostrl
631 4781 754 4826 omissum
775 4790 788 4827 a
809 4777 840 4825 L.
860 4785 887 4827 et
906 4776 1026 4827 Grsesto.
1046 4801 1070 4811 -
1093 4774 1195 4824 Orestes
1207 4776 1347 4840 coafitetur
1359 4778 1447 4829 Para

126 4853 150 4890 es
172 4854 210 4901 pr.
232 4843 273 4902 T,
304 4845 352 4894 Or.
371 4857 429 4893 curat
456 4845 573 4908 [utentur
600 4859 667 4897 corr.
689 4849 722 4895 Τ.
753 4872 782 4884 -
814 4846 857 4897 34.
884 4850 1014 4913 pervertit
1039 4847 1074 4901 T,
1105 4852 1237 4907 pervertet
1259 4846 1290 4896 L.
1328 4847 1362 4900 llt
1380 4861 1443 4905 nus,

125 4911 272 4964 Passus.
292 4939 321 4952 -
340 4912 384 4966 33.
403 4917 543 4979 astreli,
561 4917 593 4968 1..
614 4941 647 4954 -·
665 4915 709 4968 37.
728 4917 771 4978 us]
789 4930 835 4970 osc
854 4917 892 4979 T,
910 4932 990 4984 oeque
1010 4918 1039 4967 ll.
1058 4916 1093 4968 Ut
1111 4929 1179 4978 uus,
1198 4916 1303 4969 Panis.
