3232 5392
659 224 693 289 C.
718 227 771 291 57.
795 228 848 293 58.
870 228 923 293 59.
1385 227 1449 299 llll

126 383 292 471 aliquando
313 382 432 472 aliquid
455 386 498 450 ita
518 382 638 460 dicere,
668 393 706 450 ut
726 387 785 466 sibi
806 386 875 475 ipso
897 407 961 452 non
983 389 1164 460 conveniat,
1198 391 1315 471 quanto
1337 383 1449 451 diffici-

126 481 186 547 lius
207 500 340 557 cavere,
364 503 404 546 ne
427 479 502 566 quid
523 483 624 556 dicas,
652 485 737 565 quod
760 502 823 546 non
844 481 1010 547 conveniat
1031 482 1099 548 eius
1121 479 1275 556 orationi,
1299 480 1448 565 quiante

125 584 157 641 te
179 573 313 640 dixerit?
340 578 403 641 Sed
424 575 499 662 quia
519 583 552 639 et
572 574 662 640 labor
683 573 781 640 multo
806 578 905 642 maior
926 584 974 643 est
995 585 1091 642 totam
1114 595 1238 641 causam
1261 595 1353 660 quam
1375 593 1448 660 par

126 680 190 735 tem
219 668 326 735 dicere
356 680 389 736 et
417 673 490 756 quia
516 668 622 756 plures
644 671 793 737 ineuntur
814 675 948 757 gratiae,
982 674 1008 738 si
1030 694 1093 738 uno
1116 681 1260 755 tempore
1282 667 1367 735 dicas
1388 687 1449 754 pro

125 762 282 852 pluribus,
305 767 423 830 idcirco
446 768 526 829 banc
549 768 807 831 consuetudinem
830 766 973 833 lubenter
994 764 1192 832 adscivimus.
1459 777 1472 823 ⁵

211 861 318 928 LVlll.
341 863 414 926 210.
438 862 534 925 Erant
548 864 668 934 tamen,
691 862 804 946 quibus
822 862 983 927 videretur
996 861 1081 927 illius
1096 859 1203 926 aetatis
1218 859 1328 925 tertius
1342 856 1449 933 Curio,

127 954 200 1042 quia
221 953 488 1039 splendidioribus
510 952 642 1019 sortasse
665 957 770 1021 verbis
791 959 940 1021 utebatur
960 963 992 1020 et
1013 956 1086 1042 quia
1105 958 1216 1020 Latine
1238 974 1302 1019 non
1315 953 1450 1040 pessime

127 1047 331 1137 loquebatur,
349 1070 424 1122 usu,
443 1047 558 1124 credo,
581 1047 686 1134 aliquo
702 1052 894 1128 domestico;
918 1071 989 1115 nam
1004 1049 1177 1115 litterarum
1192 1051 1360 1114 admodum
1373 1045 1451 1111 nibil

127 1140 255 1209 sciebat.
301 1145 363 1207 Sed
390 1145 494 1226 magni
521 1145 666 1217 interest,
699 1165 779 1231 quos
801 1146 933 1231 quisque
954 1142 1060 1209 audiat
1080 1143 1220 1230 quotidie
1242 1141 1347 1219 domi,
1381 1142 1450 1227 qui·

127 1241 257 1304 buscum
286 1236 433 1323 loquatur
459 1257 477 1300 a
504 1257 622 1319 puero,
658 1241 921 1325 quemadmodum
948 1247 1069 1324 patres,
1107 1236 1298 1323 paedagogi,
1336 1244 1451 1302 matres
1460 1251 1488 1294 ¹⁰

128 1334 222 1397 etiam
245 1335 423 1418 loquantur.
468 1333 541 1396 211.
562 1330 710 1416 Legimus
732 1332 879 1417 epistolas
895 1332 1073 1407 Corneliae,
1098 1332 1204 1398 matris
1220 1330 1449 1398 Gracchorumt

127 1431 258 1512 apparet
290 1423 373 1489 lilios
402 1443 466 1488 non
495 1428 617 1491 tamin
644 1427 765 1511 gremio
795 1426 943 1493 educatos
972 1448 1064 1514 quam
1092 1427 1125 1491 in
1153 1445 1298 1491 sermone
1329 1425 1449 1491 matris.

127 1518 259 1586 Auditus
282 1526 329 1583 est
349 1515 441 1584 nobis
461 1519 602 1597 Laeliae,
638 1525 672 1589 C.
692 1525 741 1597 Γ..
774 1542 867 1608 saepo
897 1542 1012 1587 sermo.
1057 1525 1141 1607 Ergo
1165 1521 1248 1587 illam
1270 1522 1368 1607 patris
1390 1517 1454 1585 ele-

128 1613 232 1699 gantia
254 1611 382 1678 tinctam
403 1613 538 1680 vidimus
560 1624 592 1680 et
612 1613 692 1681 lilias
713 1618 779 1682 eius
801 1619 918 1682 Mucias
940 1613 1064 1692 ambas,
1091 1637 1224 1702 quarum
1246 1635 1351 1681 sermo
1372 1611 1451 1681 mibi

126 1708 315 1783 luitnotus,
338 1715 370 1772 et
390 1716 500 1795 neptes
522 1709 673 1786 Licinias,
703 1733 781 1796 quas
802 1731 861 1777 nos
883 1709 1009 1796 quidem
1032 1715 1154 1785 ambas,
1185 1713 1265 1776 banc
1286 1730 1365 1775 vero
1388 1709 1489 1775 Sci-1⁵

127 1801 230 1888 pionis
253 1801 345 1866 eliam
368 1810 415 1881 tu,
437 1806 548 1879 Brute,
572 1806 685 1880 credo,
711 1805 878 1891 aliquando
901 1805 1015 1871 audisti
1037 1806 1228 1892 loquentem.
1270 1808 1337 1889 Ego
1360 1821 1450 1879 vero,

128 1914 165 1960 ac
185 1894 331 1960 lubenter
351 1895 497 1982 quidem,
521 1900 621 1985 inquit
643 1903 772 1978 Brutus;
796 1911 827 1966 et
850 1920 888 1964 eo
911 1896 1084 1975 lubentius,
1108 1898 1192 1986 quod
1214 1903 1247 1967 l.
1262 1897 1366 1965 Crassi
1383 1904 1452 1963 erat
1549 1900 1553 1906 ’

127 1988 202 2056 lilia.
247 1993 320 2054 212.
346 1993 429 2069 Quid
445 1993 608 2069 Crassum,
632 1995 779 2080 inquam,
802 1994 892 2061 illum
913 2015 1038 2083 censes,
1061 1994 1151 2060 istius
1173 1992 1313 2058 Liciniae
1335 1990 1450 2067 lilium,

130 2088 232 2151 Crassi
255 2094 440 2153 testamento
462 2086 515 2173 qui
536 2088 594 2155 suit
615 2092 801 2172 adoptatus?
825 2091 953 2154 Summo
975 2089 1034 2155 iste
1056 2088 1183 2174 quidem
1199 2090 1312 2153 dicitur
1325 2089 1453 2171 iugenio
1579 2088 1582 2093 ’

128 2180 240 2256 luisse,
273 2179 391 2264 inquit;
428 2189 461 2247 et
481 2202 563 2249 vero
583 2185 635 2248 bie
658 2183 785 2270 Scipio,
818 2184 938 2266 collega
969 2205 1076 2260 meus,
1113 2185 1192 2249 mihi
1221 2203 1296 2248 sano
1317 2180 1398 2248 beno
1420 2187 1493 2249 stu

128 2273 215 2361 loqui
238 2273 361 2339 videtur
383 2283 415 2341 et
435 2278 551 2346 dicere.
592 2283 705 2354 Recte,
728 2278 874 2366 inquam,
902 2281 1036 2354 indicas,
1066 2282 1173 2343 Brute.
1217 2279 1342 2342 Etenim
1364 2274 1454 2342 istius

128 2388 226 2453 genus
249 2374 297 2432 est
318 2368 476 2456 exipsius
498 2374 667 2458 sapientiae
689 2371 785 2458 stirpe
808 2383 1000 2457 generatum.
1042 2376 1122 2437 Nam
1145 2381 1177 2438 et
1195 2375 1233 2438 de
1249 2371 1374 2438 duobus
1389 2372 1455 2438 avis

128 2464 190 2526 iam
206 2459 360 2539 diximus,
386 2465 534 2548 Scipione
548 2475 579 2531 et
595 2470 723 2547 Crasso;
748 2471 833 2532 etde
855 2467 956 2533 tribus
978 2471 1123 2555 proavis,
1146 2468 1185 2544 Q.
1203 2465 1344 2542 Metello,
1366 2468 1455 2532 cuius

130 2564 277 2641 quattuor
306 2554 380 2635 lilii;
418 2560 452 2627 P.
473 2562 638 2643 Scipione,
676 2564 729 2645 qui
758 2582 798 2627 ex
826 2560 987 2628 dominatu
1016 2563 1065 2626 Ti.
1093 2562 1226 2627 Gracchi
1255 2560 1395 2644 privatus
1420 2558 1455 2624 in

128 2649 303 2715 libertatem
319 2656 561 2736 rempublicam
583 2656 769 2732 vindicavit,
794 2658 834 2734 Q.
851 2656 1001 2721 Scaevola
1022 2675 1158 2741 augure,
1181 2655 1234 2741 qui
1249 2654 1455 2741 peritissimus
1463 2680 1492 2722 as

128 2744 206 2810 iuris
228 2742 375 2832 idemque
399 2751 554 2830 percomis
576 2759 623 2814 est
644 2750 778 2816 babitus.
824 2754 897 2816 213.
921 2753 987 2816 Iam
1009 2750 1144 2817 duorum
1166 2753 1337 2816 abavorum
1360 2769 1455 2835 quam

129 2847 179 2905 est
198 2838 319 2905 illustre
341 2861 472 2918 nomen,
502 2847 537 2909 Ρ.
557 2843 729 2930 Scipionis,
761 2844 814 2930 qui
836 2847 886 2910 bis
908 2845 1016 2911 consul
1037 2845 1112 2921 luit,
1141 2847 1196 2930 qui
1220 2855 1266 2910 est
1288 2844 1458 2911 Corculum

129 2932 247 3009 dictus,
279 2934 407 3000 alterius
430 2939 570 3003 omnium
592 2939 828 3024 sapientissimi,
859 2944 892 3007 C.
908 2940 1023 3006 Laeliil
1059 2942 1086 3005 Ο
1109 2958 1314 3024 generosam,
1337 2938 1455 3025 inquit,

129 3029 260 3117 stirpem
283 3039 314 3095 et
335 3037 492 3115 tamquam
514 3030 547 3096 in
569 3054 663 3098 onam
684 3038 833 3100 arborem
849 3033 937 3121 plura
951 3055 1087 3119 genera,
1112 3034 1157 3099 sic
1172 3033 1204 3098 in
1219 3032 1309 3099 istam
1326 3035 1455 3098 domum

128 3123 298 3190 multorum
328 3125 451 3190 insitam
481 3135 575 3212 atque
603 3128 752 3212 illigatam
775 3131 973 3214 sapientiaml
1012 3130 1091 3193 LIX.
1115 3126 1264 3192 Similiter
1285 3129 1381 3212 igitur
1402 3149 1493 3193 su-ss

129 3220 247 3305 spicor,
269 3229 304 3284 ut
326 3216 524 3286 conteramus
545 3242 642 3308 parva
665 3225 803 3306 magnis,
828 3225 988 3299 Curionis,
1011 3224 1068 3287 etsi
1089 3221 1225 3309 pupillus
1246 3224 1375 3287 relictus
1398 3229 1455 3295 est,

128 3313 230 3398 patrio
259 3310 356 3378 luisse
384 3313 526 3380 instituto
555 3336 636 3399 puro
666 3335 810 3382 sermone
832 3315 1037 3382 assuefactam
1060 3318 1206 3381 domum:
1244 3321 1276 3379 et
1297 3335 1335 3380 eo
1357 3315 1456 3402 magis

128 3406 189 3474 boc
210 3407 333 3484 iudico,
367 3410 452 3491 quod
480 3411 637 3474 neminem
665 3433 707 3476 ex
735 3410 775 3475 iis
797 3410 937 3495 quidem,
971 3413 1025 3496 qui
1047 3411 1154 3498 aliquo
1175 3409 1208 3475 in
1230 3430 1364 3475 numero
1386 3408 1455 3477 lua·

128 3509 219 3577 runt,
259 3501 393 3585 cognovi
413 3503 446 3565 in
469 3503 554 3568 omni
578 3525 693 3588 genere
716 3504 917 3570 honestarum
939 3505 1055 3571 artium
1083 3516 1145 3594 tam
1174 3507 1355 3582 indoctum,
1392 3513 1457 3571 tam

129 3595 251 3662 rudem
297 3595 370 3660 211.
407 3597 534 3663 Nabum
566 3599 617 3664 ille
645 3608 770 3686 politam
799 3609 947 3676 noverat,
985 3599 1105 3665 nullum
1135 3598 1253 3683 legerat
1274 3608 1494 3676 oratorem,ss

129 3691 246 3758 nubam
269 3691 452 3755 memoriam
474 3692 667 3777 antiquitatis
689 3697 877 3780 collegerat,
915 3716 978 3760 non
1001 3691 1160 3778 publicum
1183 3696 1246 3770 ius,
1269 3716 1334 3760 non
1354 3694 1460 3782 priva-

128 3797 195 3854 tum
218 3794 249 3851 et
270 3783 362 3850 civile
383 3797 592 3871 cognoverat:
631 3810 817 3876 quamquam
847 3791 881 3854 id
907 3791 1035 3877 quidem
1063 3788 1124 3854 suit
1151 3790 1246 3853 etiam
1275 3790 1307 3853 in
1334 3788 1403 3855 aliis
1424 3796 1457 3856 et

128 3879 250 3968 magnis
272 3881 398 3965 quidem
422 3881 617 3959 oratoribus,
656 3903 735 3970 quos
763 3904 875 3970 parum
897 3884 946 3949 his
967 3886 1135 3949 instructos
1157 3881 1278 3949 artibus
1299 3882 1451 3958 vidimus,

128 3987 165 4044 ut
186 3980 380 4063 Sulpicium,
416 3986 451 4042 ut
471 3978 653 4043 Antonium.
699 3980 760 4043 Sed
783 3981 812 4043 ei
835 3987 938 4043 tamen
966 4000 1064 4045 unum
1092 3977 1169 4043 illud
1196 3975 1373 4054 habebant,
1410 3976 1458 4045 di-

129 4074 220 4138 cendi
244 4094 324 4157 opus
347 4077 559 4151 elaboratum
583 4076 676 4158 idque
699 4094 770 4138 cum
792 4080 948 4139 constaret
972 4092 1011 4136 er
1033 4075 1173 4160 quinque
1195 4072 1366 4138 notissimis
1382 4091 1495 4158 par-so

127 4164 227 4243 tibus,
249 4188 343 4234 nemo
366 4172 398 4233 in
420 4167 524 4253 aliqua
545 4176 634 4253 parte
655 4188 764 4233 earum
787 4166 916 4233 omnino
938 4166 1013 4232 nibil
1036 4175 1172 4252 poterat.
1217 4169 1253 4232 In
1268 4187 1453 4251 quacunque

128 4262 212 4328 enim
244 4284 307 4328 una
336 4263 427 4348 plane
456 4260 632 4338 clauderet,
671 4271 780 4327 orator
808 4282 965 4327 essenon
992 4269 1109 4348 posset.
1156 4265 1229 4327 215.
1268 4263 1331 4326 Sed
1353 4268 1456 4326 umen

197 4464 241 4516 21.
259 4461 397 4528 percomta]
415 4472 548 4528 patronus
566 4466 600 4518 B.
622 4490 650 4504 -
671 4463 715 4517 30.
735 4465 867 4530 ttls'gotom
885 4464 1006 4516 dedlmus
1024 4472 1131 4517 auclore
1150 4465 1283 4516 Brnestlo.
1298 4462 1351 4515 Clr.
1366 4463 1457 4516 Furit-

128 4540 217 4586 uellus
237 4539 263 4586 tn
283 4536 392 4588 Borcell.
408 4550 433 4587 v.
451 4537 626 4586 tlltmlaotur:
657 4537 835 4586 tttomlnutum
854 4549 914 4586 curn
941 4534 1025 4587 Codd.
1046 4537 1179 4599 plerisque
1196 4535 1260 4592 llll,
1286 4535 1457 4586 tllimtnotoss

128 4607 175 4671 Lg.
196 4606 368 4667 1111111,
398 4608 565 4658 tusculutom
583 4607 645 4658 Scb.
665 4604 834 4669 (instillatum
852 4605 1025 4670 Bernhardy.)
1056 4607 1102 4656 Vr·
1122 4614 1204 4670 utque
1220 4607 1399 4656 illuminatum
1417 4616 1458 4656 sa·

129 4679 207 4729 elusit
226 4679 340 4728 Ellendt.
362 4700 390 4713 -
416 4676 461 4727 33.
482 4678 521 4726 bis
540 4691 598 4728 cum
618 4678 665 4742 Lg.
686 4676 965 4739 111111120.35.50.
988 4677 1102 4728 Ellendt.
1125 4699 1156 4713 -·
1183 4677 1227 4728 35.
1245 4672 1368 4739 uocum]
1386 4674 1458 4726 aas

128 4756 174 4798 rat
190 4749 223 4798 1).
244 4748 295 4799 au.
314 4751 339 4798 1.
368 4770 402 4784 -·
433 4746 476 4799 37.
496 4744 535 4811 td]
559 4750 601 4799 bs'c
628 4749 673 4812 Lg.
693 4760 785 4799 omnes
804 4754 831 4798 et
848 4748 915 4799 Ven.
936 4751 978 4804 1..
1006 4747 1055 4797 boc
1080 4760 1147 4796 corr.
1174 4743 1454 4812 1111511.-

128 4818 172 4871 aa.
192 4821 217 4868 ei
234 4818 266 4868 B.
288 4819 385 4869 (11.1.
406 4818 453 4882 Lg.
473 4832 565 4871 omues
590 4827 693 4882 praeter
717 4820 762 4869 20.
781 4818 824 4869 00.
847 4819 909 4872 70..
936 4821 982 4882 qul
1001 4823 1031 4868 ut
1048 4817 1112 4866 BB:
1138 4818 1170 4868 it.
1196 4842 1227 4857 -
1256 4818 1301 4870 42.
1325 4814 1458 4870 amm

128 4901 188 4942 com
207 4889 240 4940 1).
261 4889 312 4943 Ga·
332 4891 357 4941 1.
377 4889 404 4939 2.
423 4889 487 4954 Lag·
506 4890 533 4943 8.
550 4891 594 4943 bt.
612 4890 658 4943 ao.
678 4902 744 4944 uota
764 4889 923 4943 misum
942 4900 1003 4941 sum
1021 4887 1080 4941 allts
1096 4887 1152 4941 1111.
