3232 5392
157 219 224 287 Μ
749 215 900 284 BRUTUS

159 380 326 469 loscplsiae
346 394 508 464 nunquam
528 371 741 440 intermissum
762 394 781 439 a
801 376 967 461 primaque
988 375 1199 445 adolescentia
1219 379 1339 447 cultum
1360 385 1396 447 et
1412 400 1498 447 sern-

159 496 221 564 per
240 482 366 541 auctum
398 474 459 537 boc
492 489 602 535 rursus
628 488 752 534 summo
782 478 913 536 auctore
941 479 973 536 et
1001 474 1133 538 doctore
1159 473 1323 541 renovavi.
1368 479 1496 543 Eodem

153 579 265 638 tamen
286 577 429 654 tempore
450 561 580 630 Athenis
601 560 685 648 apud
707 562 902 629 Demetrium
931 567 1064 650 Syrum,
1097 576 1240 634 vetarem
1261 576 1295 634 et
1315 590 1381 637 non
1403 570 1497 657 igno·

160 664 258 732 bilem
287 659 414 729 dicendi
440 659 638 742 magistrum,
669 654 809 722 studiose
838 658 983 725 exerceri
1011 659 1161 729 solebam.
1204 666 1280 729 Post
1305 685 1399 731 arne
1419 665 1497 731 Λεία

133 766 228 826 stota
248 762 410 845 peragrata
432 761 481 818 est
502 771 574 817 cum
594 749 725 816 summis
747 750 876 836 quidem
897 753 1302 842 antennas,qrihuscum
1317 761 1497 825 exercebar

159 851 237 937 ipsis
270 846 468 925 lubentibus;
502 865 639 932 quorum
671 852 739 911 erat
768 845 915 931 princeps
947 846 1117 933 Menippus
1146 852 1390 919 Stratonicensis
1418 873 1495 919 meo

159 945 280 1013 iudicio
301 951 366 1011 tota
386 942 461 1006 Asia
481 939 543 1005 illis
564 938 763 1024 temporibus
784 937 1026 1022 disertissimus;
1060 950 1108 1021 et,
1131 944 1158 1010 si
1182 943 1262 1010 nibil
1281 944 1401 1013 babere
1423 968 1496 1014 mo-

158 1039 321 1106 lestiarum
353 1056 414 1104 nec
442 1034 631 1121 ineptiarum
659 1033 836 1099 Atticorum
863 1042 928 1109 est,
959 1036 1014 1100 bic
1040 1044 1152 1103 orator
1177 1036 1210 1104 in
1235 1037 1299 1105 illis
1327 1041 1494 1107 numerari

158 1143 246 1201 reete
266 1139 382 1221 potest.
425 1131 501 1194 316.
531 1127 752 1194 assiduissime
780 1137 886 1194 autem
913 1149 1041 1195 meeum
1064 1128 1127 1195 fuit
1144 1129 1316 1220 Dionysius
1336 1137 1491 1219 Magnam

118 1237 227 1297 suerat
249 1227 344 1295 etiam
364 1222 537 1311 Aeschylus
559 1220 706 1299 Cnidius,
733 1224 977 1310 Adramyttenus
997 1224 1167 1291 Xenocles.
1210 1229 1252 1292 ili
1274 1235 1340 1294 tum
1362 1229 1397 1295 in
1417 1234 1493 1296 Asia

159 1327 322 1391 rbatorum
344 1317 505 1405 principes
526 1319 782 1383 numerabantur.
824 1317 947 1396 Quibus
974 1338 1040 1384 non
1061 1327 1228 1386 contentus
1248 1321 1396 1390 ilbodum
1416 1323 1492 1390 veni
1520 1393 1522 1397 ,

158 1399 273 1505 meque
300 1414 340 1483 ad
367 1417 523 1490 eundem,
556 1432 651 1501 quem
678 1414 797 1477 Romae
824 1414 1022 1489 audiveram,
1057 1411 1218 1480 llolonem
1239 1415 1395 1502 applicari
1416 1438 1490 1483 eum

158 1520 298 1578 actorem
319 1510 353 1575 in
373 1510 458 1574 veris
477 1505 581 1572 causis
601 1503 849 1592 scriptoremque
871 1513 1097 1590 praestantem,
1118 1513 1186 1573 tum
1208 1509 1242 1573 iu
1261 1511 1411 1578 notandis
1424 1511 1493 1577 ani-

159 1601 455 1688 madvertendiaque
483 1599 569 1667 vitiis
598 1608 630 1665 et
656 1597 849 1665 instituendo
882 1598 1090 1684 docendoque
1119 1600 1410 1687 prudentissimum.
1461 1608 1493 1672 la

119 1716 150 1759 ss
158 1699 247 1768 dedit
260 1718 390 1784 operam
402 1697 486 1762 -si
501 1696 598 1760 modo
611 1695 644 1759 id
659 1692 811 1778 consequi
824 1695 927 1778 potuit
939 1728 1001 1770 -,
1027 1702 1064 1759 ut
1082 1692 1176 1760 nimis
1197 1694 1412 1766 redundantes
1432 1720 1493 1766 nos

160 1803 193 1862 et
205 1791 435 1878 superfluentes
456 1788 586 1854 iuvenili
608 1789 742 1875 quadam
764 1786 888 1854 dicendi
908 1787 1094 1875 impunitate
1109 1795 1142 1852 et
1162 1790 1289 1857 lieentia
1304 1796 1494 1877 reprimeret

157 1897 192 1957 et
212 1889 301 1975 quasi
332 1892 425 1952 extra
451 1886 537 1966 ripas
568 1879 746 1948 diffluentes
774 1888 947 1947 coerceret.
992 1885 1040 1948 lta
1060 1885 1168 1969 recepi
1190 1905 1243 1950 me
1264 1889 1395 1955 biennio
1418 1896 1494 1973 post

158 2006 224 2051 nou
255 1983 351 2047 modo
383 1979 602 2052 exercitatior,
634 1974 690 2042 sed
716 1995 820 2061 prope
843 1984 990 2046 mutatus.
1032 1979 1113 2041 Nam
1141 1984 1174 2042 et
1200 1986 1363 2049 contentio
1391 1983 1493 2050 nimia

157 2076 246 2144 vocis
267 2076 430 2141 resederat
451 2080 484 2139 et
503 2070 593 2159 quasi
622 2071 802 2136 deferverat
830 2069 1177 2174 oratioglateribusque
1198 2074 1284 2140 vires
1304 2085 1338 2142 et
1358 2079 1492 2164 corpori

120 2172 329 2237 ”mediocris
348 2165 473 2234 babitus
495 2176 684 2232 accesserat.
1161 2182 1164 2187 ’

241 2266 338 2332 thll.
363 2266 437 2327 317.
469 2264 541 2327 Duo
562 2269 627 2326 tum
650 2263 845 2331 excellebant
865 2274 1025 2343 oratores,
1054 2267 1109 2354 qui
1131 2290 1184 2336 me
1203 2265 1348 2335 imitandi
1368 2265 1492 2354 cupidi·

155 2365 221 2425 tate
241 2357 425 2433 incitarent,
459 2357 549 2422 Cotta
571 2363 603 2420 et
623 2358 847 2424 Hortensium·
864 2380 1001 2446 quorum
1028 2363 1108 2427 alter
1127 2367 1280 2449 remissus
1300 2371 1332 2428 et
1352 2361 1435 2451 lenis
1457 2371 1490 2427 et

157 2453 294 2540 propriis
316 2450 426 2517 verbis
444 2450 718 2536 comprehendens
738 2455 842 2519 solute
864 2462 896 2517 et
909 2456 1003 2521 facile
1018 2457 1223 2535 seutentiam,
1248 2460 1328 2522 alter
1340 2463 1487 2534 omatus,

157 2565 233 2636 acer
264 2553 388 2611 elnon
418 2543 504 2621 talis,
534 2544 659 2631 qualem
681 2556 715 2612 tu
743 2567 834 2624 eum,
863 2552 979 2626 Brute,
1003 2550 1065 2615 iam
1088 2549 1347 2617 deflorescentem
1368 2570 1490 2636 coguo-
1554 2554 1558 2561 ’

118 2640 247 2718 sensti,
279 2637 340 2706 sed
367 2636 537 2705 verborum
564 2640 755 2706 electionis
784 2663 902 2727 genere
932 2643 1132 2711 commotior.
1177 2648 1288 2731 ltaque
1310 2665 1382 2711 eum
1405 2648 1489 2710 llor-

157 2737 258 2801 tensio
288 2733 366 2799 milri
394 2734 493 2818 magis
520 2731 697 2798 arbitrabar
724 2756 793 2801 rem
822 2757 908 2815 esse,
942 2728 1027 2825 quod
1057 2747 1091 2805 et
1117 2738 1242 2805 dicendi
1264 2743 1378 2806 ardore
1400 2760 1489 2806 eram

155 2831 289 2917 propior
309 2837 342 2894 et
363 2836 463 2893 aetate
485 2826 691 2892 coniunctior.
736 2831 860 2897 Etenim
881 2834 1024 2898 videram
1043 2834 1078 2898 iu
1099 2832 1218 2899 eisdem
1238 2835 1357 2909 causis,
1377 2841 1415 2898 ut
1428 2855 1487 2921 pro

153 2927 200 2991 lt.
219 2921 386 2998 Canuleio,
409 2941 468 3008 pro
490 2923 546 2986 Cu.
563 2913 726 2988 liolabella
747 2925 921 3004 consulari,
945 2909 1017 2993 edm
1040 2928 1131 2993 Cotta
1150 2927 1298 3015 princeps
1321 2927 1484 2995 adhibitus

155 3027 255 3096 esset,
291 3019 416 3103 priores
436 3024 542 3080 tamen
563 3033 657 3099 agere
678 3021 784 3101 partes
806 3013 1024 3088 Hortensiumi
1067 3025 1181 3088 Acrem
1204 3025 1287 3089 enim
1310 3031 1484 3100 oratorem,

118 3111 318 3184 seiacensem
339 3120 372 3179 et
389 3117 535 3194 agentem
556 3117 588 3174 et
609 3129 760 3177 canorum
792 3134 965 3182 concursus
992 3119 1156 3183 bominum
1183 3115 1311 3203 lorique
1337 3117 1487 3204 strepitus

155 3208 326 3276 desiderat.
371 3208 444 3273 318.
476 3207 577 3269 Unum
597 3203 695 3289 igitur
715 3227 849 3287 annum,
885 3230 957 3277 cum
979 3210 1169 3277 redissemus
1191 3233 1231 3277 ex
1252 3210 1345 3288 Asia,
1374 3231 1487 3277 causas

153 3307 279 3373 nobiles
308 3304 447 3387 egimus,
482 3319 555 3364 eum
584 3309 784 3386 quaesturam
811 3323 885 3381 nos,
918 3305 1115 3372 consulatum
1144 3307 1256 3383 Cotta,
1293 3305 1486 3372 aedilitatem

150 3408 278 3488 peteret
302 3396 502 3464 Hortensius.
547 3393 676 3461 Interim
704 3417 755 3462 me
782 3407 981 3485 quaestorem
1012 3400 1183 3466 Siciliensis
1211 3400 1335 3486 excepit
1358 3421 1482 3487 'annus;

156 3496 246 3560 Cotta
268 3515 308 3560 ex
330 3494 495 3558 consulatu
515 3499 562 3555 est
583 3487 743 3576 proiectus
763 3494 797 3557 in
819 3493 969 3573 Galliam
1003 3494 1151 3582 princeps
1178 3504 1211 3560 et
1239 3503 1307 3560 erat
1328 3503 1360 3559 et
1380 3496 1483 3560 babe-

116 3587 248 3656 sebatur
269 3585 468 3654 Hortensius.
514 3585 594 3649 Cum
615 3592 719 3650 autem
742 3606 822 3652 anno
844 3595 916 3674 post
937 3610 979 3654 ex
1000 3587 1104 3654 Sicilia
1121 3610 1172 3653 me
1186 3589 1398 3673 recepissem,
1421 3591 1486 3655 iam

153 3684 319 3752 ridebatur
340 3682 417 3748 illud
438 3681 472 3746 in
493 3700 562 3755 me,
592 3679 747 3766 quidquid
768 3689 869 3759 esset,
903 3702 972 3747 esse
992 3681 1167 3769 perlectum
1190 3691 1222 3750 et
1242 3686 1362 3749 babere
1383 3691 1486 3750 matu-

153 3781 280 3846 ritatem
301 3775 457 3866 quaudam
478 3793 580 3839 suam.
624 3775 724 3840 Nimis
755 3775 851 3841 multa
880 3773 993 3842 videor
1019 3775 1060 3842 de
1089 3797 1155 3854 me,
1188 3780 1258 3865 ipse
1279 3780 1483 3865 praesertim

150 3879 211 3944 sed
232 3873 412 3941 omnibuis
434 3869 573 3935 sermoni
594 3869 791 3954 propositum
812 3876 872 3943 est,
897 3889 962 3935 non
976 3878 1012 3936 ut
1028 3870 1189 3956 ingenium
1212 3881 1244 3937 et
1266 3874 1483 3961 eloquentiam

152 3989 257 4037 meam
289 3965 477 4053 perspicias,
510 3960 595 4028 unde
624 3961 718 4047 longe
749 3967 875 4039 absum,
908 3967 965 4030 sed
993 3972 1028 4030 ut
1052 3965 1195 4032 laborem
1223 3975 1255 4031 et
1281 3969 1482 4034 industriam.

118 4066 229 4130 asta.
254 4063 331 4129 Cum
353 4063 451 4146 igitur
471 4078 572 4126 essem
594 4056 627 4123 in
649 4056 792 4144 plurimis
814 4059 916 4124 causis
935 4057 1013 4125 etin
1027 4058 1222 4147 principibus
1237 4063 1377 4147 patronis
1391 4064 1484 4148 quin-

153 4156 327 4247 quennium
347 4153 416 4222 iere
436 4162 596 4229 versatus,
618 4159 685 4217 tum
706 4154 740 4217 in
760 4154 936 4239 patrocinio
951 4153 1107 4220 Siciliensi
1122 4155 1259 4222 maxime
1273 4158 1305 4222 in
1320 4165 1482 4222 certamen

152 4253 228 4324 reni
249 4250 429 4337 designatus
449 4247 560 4314 aedilis
582 4267 656 4312 cum
681 4245 843 4332 designato
871 4249 1001 4313 consule
1028 4249 1212 4315 Hortensio.
1255 4252 1367 4317 XClll.
1401 4253 1482 4330 Sed,

152 4347 303 4436 quoniam
332 4346 434 4412 omnis
460 4346 512 4410 bie
534 4362 639 4410 sermo
661 4351 769 4408 noster
789 4363 853 4409 non
873 4342 978 4410 solum
999 4345 1271 4412 enumerationem
1293 4345 1480 4424 oratoriam,

226 4529 253 4580 3.
273 4528 380 4592 Sortem
397 4528 460 4580 Var.
480 4529 507 4579 tn
527 4541 578 4592 mg.
598 4527 724 4591 Repetltt
744 4526 835 4580 bamb.
856 4551 888 4565 -
907 4527 952 4578 17.
971 4527 1134 4596 diffluentem
1150 4529 1184 4581 b.
1203 4530 1250 4596 Lg.
1271 4531 1402 4596 plerique,
1426 4530 1480 4583 Gu.

154 4601 183 4654 1.
201 4601 229 4651 a.
249 4600 345 4651 Dresd.
365 4598 432 4650 lldd.
453 4599 597 4663 pleraeque
625 4605 685 4650 anta
704 4597 818 4662 Heraea.
848 4607 875 4651 et
891 4599 965 4651 blan.
993 4599 1139 4663 (Pluralsm
1157 4603 1286 4663 praebant
1303 4603 1349 4666 Lq.
1369 4603 1414 4652 30.
1433 4603 1480 4654 35.

154 4671 202 4723 33.
220 4671 265 4721 53.
286 4669 329 4720 33.
349 4669 417 4720 ten.
437 4672 464 4720 1.
484 4666 531 4734 a.)
549 4693 584 4704 —
602 4668 646 4720 13.
666 4669 799 4720 remeat
816 4669 929 4721 bamb:
957 4671 1090 4722 reddeat
1107 4684 1169 4723 cum
1188 4673 1261 4724 ltbrls
1281 4674 1313 4724 11.
1340 4698 1373 4710 -
1397 4670 1482 4734 deser·

153 4749 230 4792 carot
246 4739 399 4792 Marullus:
425 4742 570 4806 reservarat
589 4751 650 4791 cum
667 4739 740 4791 ltbrla
758 4739 791 4789 ll.
811 4762 844 4776 -
875 4742 994 4804 eorporis
1012 4742 1073 4793 llbrt
1091 4749 1197 4805 praeter
1213 4743 1247 4794 Ι).
1267 4742 1358 4795 ottob.
1377 4742 1430 4794 Ga.
1453 4745 1479 4796 1.

153 4813 182 4865 3.
196 4810 291 4863 Dresd.
311 4810 345 4860 Ut
357 4823 415 4872 noa,
435 4813 488 4863 tam
500 4811 584 4862 Aldus
603 4822 686 4873 napos
704 4816 731 4862 at
747 4809 812 4862 llrn.
834 4823 865 4864 ar
883 4812 953 4864 cont.
966 4835 999 4850 ·-
1017 4812 1063 4866 35.
1081 4825 1116 4866 aa
1132 4813 1180 4880 lq.
1193 4826 1309 4879 norem,
1327 4812 1418 4866 ottob.
1437 4813 1479 4867 lta

156 4895 249 4937 acum
266 4881 324 4935 aula
342 4882 375 4934 3.
396 4904 426 4920 -
443 4878 491 4938 43.
509 4879 785 4935 menedemus
803 4890 911 4938 auctare
929 4880 1023 4936 bamb.
