3216 5400
161 215 223 281 tto
657 221 711 285 DE
732 221 982 287 INVENTIONE

158 376 372 440 triumvirum
394 374 501 450 malis,
536 396 575 440 an
597 377 704 443 illius‘l
739 382 799 444 Hic
822 382 935 445 mulier
956 380 1093 446 erubuit.
1138 385 1191 447 52.
1223 381 1352 465 Aspasia
1383 390 1491 448 autem

152 488 340 534 sermonem
362 490 433 533 cum
454 472 524 553 ipso
547 473 759 559 Xenophonte
781 475 924 540 instituit.
970 476 1120 552 Quaeso,
1142 476 1263 561 inquit,
1294 480 1486 560 Xenophon,

160 563 330 629 siricinus
353 572 424 628 tuus
446 585 561 650 equum
583 570 748 632 meliorem
770 572 905 644 babeat,
930 589 1023 652 quam
1042 579 1114 633 tuus
1129 578 1195 646 est,
1220 579 1350 635 tuumne
1369 592 1487 657 equum

160 656 250 722 melis
264 679 303 722 an
319 657 424 723 illinet
447 661 554 735 Illius,
576 662 690 747 inquit.
736 663 839 740 Quid,
863 664 889 725 si
904 661 1035 726 fundum
1055 663 1220 728 meliorem
1234 665 1367 738 habeat,
1392 686 1486 750 quam

136 759 193 817 stu
214 750 329 828 babes,
353 761 457 817 utrum
480 758 604 820 tandem
626 755 758 821 lundam
781 759 898 820 habere
914 758 1024 820 maliet
1046 755 1156 833 Illum,
1180 756 1297 842 inquit,
1321 758 1487 824 meliorem

161 846 290 910 scilicet.
335 847 437 923 Quid,
472 851 498 914 si
520 870 653 916 uxorem
684 853 847 915 meliorem
867 851 1010 924 babeat,
1046 870 1139 935 quam
1169 860 1203 915 tu
1229 853 1346 927 babes,
1380 861 1485 916 utram

158 941 268 1005 melisa
290 942 390 1026 Atque
412 944 464 1007 hio
487 945 663 1030 Xenophon
687 965 814 1030 qnoque
830 947 896 1027 ipse
914 944 1019 1008 tacuit.
1064 946 1139 1008 Post
1153 947 1301 1028 Aspasia:
1326 947 1486 1023 Quoniam

156 1042 290 1119 uterque
311 1040 467 1114 vestrum,
491 1040 609 1125 inquit,
633 1039 666 1103 id
688 1038 764 1102 mihi
787 1039 888 1103 solum
910 1060 974 1102 non
996 1041 1179 1121 respondit,
1204 1042 1289 1124 quod
1306 1060 1365 1123 ego
1381 1039 1486 1105 solum

158 1129 268 1194 audire
290 1131 471 1207 volueram,
496 1142 623 1216 egomet
644 1132 758 1207 dicam,
781 1130 856 1218 quid
877 1141 1011 1216 uterque
1026 1133 1154 1216 cogitet.
1199 1137 1277 1197 Nam
1294 1142 1325 1198 et
1340 1142 1391 1209 tu,
1415 1156 1485 1201 mu·

118 1225 233 1297 mlier,
256 1224 409 1306 optimum
431 1227 533 1290 virum
554 1228 602 1291 vis
624 1230 743 1291 habere
761 1236 794 1291 ct
808 1237 859 1303 tu,
882 1230 1075 1309 Xenophon,
1096 1248 1231 1325 uxorem
1245 1231 1363 1293 babere
1380 1231 1486 1294 lectis-

157 1317 266 1383 simam
289 1321 427 1384 maxime
449 1319 508 1384 vie.
555 1323 679 1398 Quare,
707 1323 768 1385 nisi
791 1323 853 1386 boo
874 1320 1088 1404 perfeceritis,
1118 1331 1154 1385 ut
1174 1343 1277 1407 neque
1298 1325 1349 1387 vir
1369 1326 1485 1389 melior

155 1432 259 1500 neque
281 1411 396 1477 lemine
418 1416 530 1478 lectior
549 1416 581 1480 in
604 1418 696 1480 terris
718 1418 774 1491 sit,
813 1417 957 1502 prolecto
981 1436 1106 1500 semper
1126 1417 1178 1492 id,
1213 1416 1299 1503 quod
1328 1419 1483 1500 optimum

154 1508 305 1590 putabitis
336 1526 421 1580 esse,
458 1508 557 1574 multo
589 1512 726 1575 maxime
759 1513 942 1597 requiretis,
980 1518 1015 1573 ut
1041 1517 1073 1575 et
1104 1518 1137 1574 tu
1164 1512 1293 1576 maritus
1322 1512 1366 1577 sis
1388 1533 1483 1598 quam

156 1600 293 1686 ομὶιιιιιο
315 1601 448 1665 ethaeo
469 1622 563 1688 quam
586 1605 707 1685 optimo
728 1607 798 1669 viro
820 1615 917 1691 nupta
938 1602 988 1667 sit.
1035 1602 1094 1667 llic
1123 1624 1195 1667 oum
1221 1607 1318 1670 rebus
1339 1628 1404 1671 non
1426 1611 1485 1672 du·

116 1715 146 1756 es
155 1695 218 1760 biis
240 1705 326 1760 esset
346 1716 525 1771 assensum,
561 1695 676 1762 laetum
702 1706 750 1762 cst
771 1708 902 1784 propter
922 1698 1177 1772 similitudinem,
1211 1708 1247 1762 ut
1268 1699 1361 1765 etiam
1384 1701 1481 1777 illud,

155 1791 240 1876 quod
262 1788 392 1853 dubium
414 1791 596 1867 videbatur,
621 1793 646 1856 si
670 1793 740 1877 quis
763 1794 930 1878 separatim
954 1798 1138 1876 quaereret,
1162 1793 1195 1855 id
1219 1813 1277 1874 pro
1299 1803 1386 1860 certo
1408 1816 1484 1877 pro-

152 1893 224 1971 pter
244 1884 398 1950 rationem
420 1885 552 1968 rogandi
574 1888 812 1952 concederetur.
855 1891 907 1952 53.
931 1888 1002 1949 lloc
1023 1883 1118 1950 modo
1141 1888 1295 1951 sermonis
1310 1890 1482 1969 plurimum

153 1982 302 2045 Socrates
323 1998 398 2042 usus
420 1988 485 2054 est,
519 1988 687 2064 propterea
715 1983 802 2067 quod
829 1981 907 2045 nibil
935 1981 1003 2063 ipse
1025 1978 1140 2044 allerre
1161 1983 1200 2044 ad
1223 1984 1481 2063 persuadendum

146 2074 296 2147 'volebat,
329 2074 384 2137 sed
406 2092 447 2137 ex
468 2092 525 2148 eo,
556 2076 641 2159 quod
664 2075 724 2138 sibi
746 2074 799 2139 ille
821 2077 967 2150 dederat,
991 2073 1119 2158 quicum
1140 2075 1337 2158 disputabat,
1362 2076 1482 2160 aliquid

115 2165 308 2232 eeeonlicere
331 2165 485 2243 malebat,
517 2172 601 2254 quod
624 2168 676 2234 ille
700 2190 740 2233 en
761 2190 819 2246 eo,
855 2171 940 2255 quod
962 2167 1024 2231 iam
1046 2168 1270 2245 concessisset,
1301 2173 1482 2236 necessario

153 2265 331 2347 approbare
354 2264 494 2328 deberet.
540 2266 672 2328 XXXll.
705 2266 775 2327 Hoc
802 2263 835 2328 in
864 2283 980 2349 genere
1002 2265 1259 2347 praecipiendum
1280 2267 1373 2329 nobis
1395 2264 1483 2329 vide·

151 2365 206 2423 tur
224 2359 380 2440 primum,
404 2365 440 2419 ut
461 2356 553 2430 illud,
577 2357 663 2441 quod
684 2357 868 2423 inducemus
890 2378 949 2443 per
970 2356 1223 2431 similitudinem,
1248 2356 1403 2424 eiusmodi
1425 2358 1480 2433 sit,

146 2458 189 2515 at
209 2442 255 2515 sit
272 2470 402 2515 necesse
431 2450 575 2514 concedi.
620 2455 699 2516 Nam
727 2472 767 2516 cx
794 2474 857 2537 quo
887 2451 1116 2537 postulabimus
1142 2452 1236 2515 nobis
1263 2451 1358 2528 illud,
1395 2454 1481 2536 quod

153 2546 285 2610 dubium
315 2547 372 2621 sit,
408 2547 556 2621 concedi,
590 2544 720 2611 dubium
748 2568 816 2611 esse
847 2546 878 2610 id
910 2545 1012 2629 ipsum
1046 2566 1110 2610 non
1144 2550 1315 2629 oportebit.
1361 2551 1481 2613 Deinde

108 2638 250 2716 stillum
274 2641 363 2705 cuius
384 2639 589 2705 confirmandi
611 2662 703 2706 causa
725 2639 778 2705 liet
799 2638 957 2714 inductio,
981 2638 1152 2705 videndum
1175 2648 1237 2716 est,
1264 2650 1299 2704 ut
1320 2641 1421 2707 manile
1442 2644 1481 2706 iis

151 2736 249 2800 rebus
278 2737 335 2809 sit,
369 2755 447 2819 quas
474 2755 525 2800 res
557 2735 644 2821 quasi
667 2756 730 2800 non
752 2736 864 2799 dubias
889 2743 960 2797 aute
989 2733 1220 2799 induxerimus:
1257 2733 1340 2818 (nam
1361 2736 1481 2822 aliquid

150 2838 224 2895 ente
246 2850 429 2894 concessum
451 2831 544 2893 nobis
566 2851 635 2894 esee
656 2829 732 2895 nibil
755 2829 913 2912 proderit,
945 2827 971 2891 si
994 2828 1023 2891 ei
1047 2829 1199 2892 dissimile
1222 2831 1284 2893 erit
1305 2831 1356 2904 id,
1391 2831 1480 2895 cuius

151 2945 247 2994 maen
274 2923 352 2988 illud
382 2923 514 2987 concedi
546 2925 681 3005 primum
711 2918 934 3002 voluerimus3)
968 2919 1082 2985 deinde
1114 2942 1178 2986 nou
1211 2921 1380 3008 intelligat,
1416 2943 1479 3009 quo

145 3029 293 3110 spectent
318 3018 390 3083 illae
419 3020 540 3102 primae
568 3017 767 3082 inductiones
795 3024 827 3081 et
853 3015 893 3080 ad
916 3036 1009 3099 quem
1032 3017 1096 3078 sint
1116 3017 1235 3080 exitum
1257 3027 1477 3101 perventurae.

115 3121 204 3184 nse.
225 3117 304 3178 Nam
326 3114 381 3198 qni
402 3114 503 3188 videt,
540 3113 566 3174 si
589 3113 618 3175 ci
640 3114 704 3187 rei,
738 3131 833 3197 quam
860 3111 963 3192 primo
990 3117 1139 3193 rogetur,
1174 3119 1261 3175 recte
1290 3114 1477 3188 assenserit,

151 3209 237 3276 illam
260 3227 386 3295 quoque
407 3227 491 3281 rem,
526 3226 607 3292 qnae
630 3207 690 3269 sibi
712 3205 895 3292 displiceat,
930 3225 999 3269 esse
1021 3207 1199 3269 necessario
1223 3206 1477 3283 concedendam,

149 3302 340 3390 plerumque
361 3309 500 3365 autnon
521 3302 743 3382 respondendo
764 3307 819 3364 aut
840 3301 922 3363 male
944 3297 1163 3384 respondendo
1186 3302 1312 3384 longius
1341 3305 1480 3385 rogatio·

149 3418 225 3465 nem
255 3397 429 3485 procedere
458 3414 524 3459 non
554 3394 638 3458 sinit.
683 3394 788 3470 Quare
814 3395 936 3458 ratione
958 3393 1132 3476 rogationis
1153 3395 1336 3479 imprudens
1359 3393 1478 3471 abeo,

153 3494 239 3581 prod
272 3488 444 3564 concessit,
480 3491 520 3552 ad
552 3489 603 3563 id,
637 3490 723 3574 quod
754 3509 819 3551 non
851 3486 918 3552 vult
949 3489 1141 3563 concedere,
1179 3486 1383 3554 deducendus
1416 3497 1475 3553 est.

109 3590 336 3655 etllxtremum
362 3593 467 3648 autem
496 3590 550 3647 aut
576 3590 714 3647 taceatur
741 3589 867 3665 oportet
891 3587 946 3645 aut
967 3583 1158 3646 concedatur
1178 3590 1232 3645 aut
1253 3590 1399 3667 negetur.
1445 3585 1478 3646 Si

151 3680 334 3769 negabitur,
366 3685 420 3744 aut
441 3679 634 3742 ostendenda
655 3675 826 3742 similitudo
850 3683 896 3739 est
916 3695 1025 3740 earum
1047 3696 1173 3752 rerum,
1205 3697 1285 3762 quae
1307 3689 1381 3743 ante
1404 3698 1480 3741 con·

151 3797 258 3845 saetae
280 3781 372 3851 sunt,
400 3780 454 3837 aut
474 3771 534 3836 alia
555 3773 706 3837 utendum
728 3771 922 3836 inductione.
967 3771 1001 3835 Si
1022 3773 1231 3849 concedetur,
1261 3770 1479 3836 concludenda

149 3883 207 3941 eut⁴
220 3870 463 3957 argumentatio.
508 3866 541 3932 si
571 3868 743 3943 tacebitur,
777 3873 830 3930 aut
858 3863 1010 3932 elicienda
1035 3868 1198 3951 responsio
1222 3875 1363 3941 estant,
1398 3885 1478 3953 quo-

150 3968 236 4034 niam
256 3963 452 4030 taciturnitas
473 3964 611 4029 imitatur
633 3961 880 4036 confessionem,
917 3979 976 4041 pro
1002 3979 1061 4035 co,
1095 3979 1132 4024 ac
1158 3961 1185 4024 si
1212 3980 1397 4024 concessum
1420 3959 1476 4032 sit,

113 4059 342 4135 eeconcludere
371 4059 530 4142 oportebit
552 4057 865 4141 argumentationem.
910 4054 956 4116 Ita
977 4051 1011 4117 lit
1033 4052 1093 4118 boc
1116 4075 1214 4139 genus
1236 4054 1476 4139 argumentandi

220 4261 248 4314 T.
277 4269 423 4312 termonem
446 4268 505 4306 enm
526 4256 585 4318 ipso
604 4253 772 4317 Xenophonte
790 4252 897 4311 PART,
917 4252 953 4300 Le
987 4265 1046 4302 eum
1069 4252 1128 4314 ipso
1145 4252 1316 4315 Xenophonte
1334 4266 1477 4304 sennonem

151 4328 185 4387 B.
206 4358 236 4372 -
256 4331 284 4382 4.
304 4345 340 4381 an
356 4329 428 4380 illins
445 4327 523 4376 motis
541 4326 595 4375 tr.
618 4351 648 4362 —
667 4326 694 4375 o.
713 4321 814 4386 utrem]
833 4329 924 4372 utrum
941 4322 1013 4372 illiue
1031 4322 1155 4373 VPART'.
1185 4323 1230 4387 (Ut
1248 4337 1315 4384 noe,
1335 4335 1390 4387 opt.
1411 4325 1477 4375 Gro-

150 4406 239 4464 aortt,
257 4401 333 4454 Letd.
354 4400 376 4448 Ι.
396 4395 444 4460 ΙΙ.)
465 4423 496 4434 -
525 4397 567 4446 ¹0.
588 4397 629 4445 ote
648 4396 714 4445 VPX
733 4403 759 4445 et
778 4406 819 4456 pr.
840 4395 881 4444 Te
912 4395 997 4443 mavis
1015 4394 1035 4444 ΙΙ
1061 4406 1121 4443 cunr
1140 4394 1164 4443 lt
1183 4401 1210 4446 et
1228 4406 1294 4446 corr.
1315 4395 1347 4445 T.
1376 4422 1404 4433 —
1430 4395 1474 4445 12.

151 4488 251 4537 eeaaper
268 4474 296 4523 id
314 4471 422 4522 PART:
448 4468 476 4518 td
492 4480 591 4531 seraper
609 4466 640 4516 E.
659 4491 693 4501 -
725 4466 767 4514 ro.
786 4464 919 4515 uideretur
936 4463 957 4513 P
978 4471 1005 4514 et
1023 4477 1063 4526 pr.
1083 4464 1115 4514 T.
1136 4489 1168 4501 -
1188 4466 1232 4516 17.
1253 4466 1375 4516 Socrates
1391 4465 1476 4529 plari·

151 4557 224 4596 mens
241 4543 297 4595 AT.
333 4542 368 4593 Ut
385 4555 448 4598 noe,
469 4539 547 4590 VPR.
569 4534 891 4586 -1a.tuener.ta‘r.
915 4559 946 4570 -
974 4535 1018 4585 20.
1038 4534 1141 4598 aliquid
1158 4541 1218 4586 ante
1236 4549 1385 4587 coemeram
1401 4537 1478 4586 nobie

152 4615 260 4666 PART:
279 4618 342 4666 ante
361 4610 463 4677 αΙίᾳιιΙιΙ
480 4610 555 4660 nobie
572 4620 719 4658 concessam
733 4606 762 4655 ΙΙ.
780 4631 807 4643 -
829 4605 872 4655 2⁸.
894 4605 1007 4668 intettr'pt
1025 4617 1077 4668 guo
1099 4605 1160 4664 AT,
1179 4608 1313 4672 intelligat
1329 4610 1352 4658 r‘e
1370 4609 1476 4672 pateant

153 4687 270 4752 aptetur,
296 4698 346 4748 gno
361 4697 420 4734 cam
441 4688 568 4744 quattuor
588 4679 672 4729 Codd.
696 4677 777 4732 Scin:
798 4679 859 4727 ttem
879 4688 946 4725 eorr.
969 4676 1005 4735 P,
1024 4677 1070 4727 eed
1089 4685 1211 4737 corrupte
1228 4679 1352 4742 intelligit
1371 4692 1418 4740 pro
1435 4681 1476 4728 r'n·

152 4756 254 4822 tetttpat
265 4757 305 4814 te;
323 4755 487 4819 intelligatur
504 4767 556 4817 gno
567 4750 675 4807 bamb„
696 4748 766 4810 qnod
782 4747 873 4806 probet
887 4746 950 4796 Ero.
970 4745 1004 4795 Ut
1015 4759 1081 4807 roe,
1100 4748 1163 4798 liet
1175 4760 1215 4810 pr.
1228 4747 1259 4797 P.
1274 4773 1308 4783 —
1325 4747 1369 4797 30.
1384 4748 1474 4812 quarn]

151 4825 266 4894 queen.
282 4848 312 4861 -
332 4825 375 4874 33.
394 4825 559 4890 rogationem
573 4821 713 4884 procedere
732 4817 837 4868 PART:
855 4818 993 4879 procedere
1010 4820 1175 4883 rogationem
1193 4817 1225 4867 u.
1240 4840 1271 4854 -
1290 4816 1333 4869 33.
1353 4819 1476 4870 etmttttte·

153 4899 188 4950 do
207 4905 245 4950 eet
260 4893 372 4946 saure
391 4902 429 4947 eet
445 4892 588 4946 etnrttr'tnde
600 4892 631 4944 ΙΙ.
644 4914 677 4929 -
696 4888 740 4942 33.
759 4891 893 4951 reepoaeto
911 4894 951 4940 eet
966 4886 1026 4949 PT,
1044 4888 1083 4941 br
1101 4893 1140 4943 eet
1156 4889 1292 4952 respuente
1308 4889 1388 4941 ARB.
