3216 5400
208 235 271 305 211
725 235 779 301 DE
803 235 990 304 ORATORE

210 401 264 490 qui
284 401 383 485 patris
405 394 569 463 clarissimi
590 396 809 463 recordatione
831 407 863 464 ct
884 401 1038 465 memoria
1058 397 1165 466 tletum
1180 401 1298 489 populo
1315 408 1476 482 moveret,
1501 414 1534 471 et

210 500 290 562 duos
311 493 392 560 lilios
414 514 488 556 suos
509 512 622 578 parvos
643 490 760 557 tutelae
780 496 890 580 populi
912 497 1162 560 commendasset
1183 518 1220 562 ac
1243 519 1294 575 se,
1316 507 1477 587 tamquam
1500 503 1533 567 in

209 589 374 676 procinctu
395 595 612 654 testamentum
634 587 750 651 iaceret
770 591 837 652 sine
858 586 937 653 libra
958 597 1051 676 atque
1074 592 1202 666 tabulis,
1235 592 1387 678 populum
1417 599 1534 660 Roma·

210 709 286 753 num
306 695 441 751 tutorem
464 681 625 748 instituere
641 680 770 747 dixisset
791 684 919 748 illorum
934 681 1070 750 orbitati.
1113 688 1221 769 ltaque
1236 707 1307 752 cum
1322 698 1354 753 et
1367 689 1487 756 invidia
1502 699 1534 757 et

187 781 284 848 sodio
306 780 416 865 populi
436 784 503 842 tum
528 777 625 841 Galba
646 784 859 862 premeretur,
880 779 931 842 his
952 778 1112 865 iquoque
1134 802 1207 846 eum
1229 783 1400 867 tragoediis
1418 784 1534 852 libera·

208 884 276 941 tum
296 873 434 950 serebat;
459 873 544 957 quod
566 871 640 934 item
663 873 746 957 apud
769 871 919 936 Catonem
941 875 1092 960 scriptum
1114 895 1183 941 esse
1202 878 1313 954 video,
1337 877 1418 945 nisi
1440 901 1534 964 pue·

209 971 264 1036 ris
292 975 331 1033 et
368 964 548 1031 lacrimis
578 986 675 1030 usus
709 974 833 1041 essct,
867 987 1021 1053 poenas
1055 989 1139 1034 eum
1171 973 1354 1039 daturum
1387 974 1530 1042 inisse.

208 1067 295 1129 llaec
320 1060 453 1128 Rutilius
481 1062 573 1125 valde
603 1062 804 1143 vituperabat
833 1070 865 1126 ct
885 1064 959 1127 buic
979 1062 1147 1131 humilitati
1169 1065 1292 1132 dicebat
1311 1070 1362 1133 vel
1385 1070 1531 1136 exsilium

207 1157 303 1224 fuisse
332 1158 383 1222 vel
413 1163 549 1220 mortem
580 1152 840 1236 anteponendam.
882 1160 954 1221 229.
988 1161 1097 1244 Neque
1125 1180 1202 1225 vero
1224 1158 1285 1226 hoc
1306 1161 1407 1228 solum
1430 1163 1529 1242 dixit,

171 1257 265 1320 ²⁰sed
285 1252 352 1338 ipse
376 1258 407 1316 et
427 1251 524 1314 sensit
544 1257 576 1314 et
596 1247 682 1314 lecit.
723 1252 801 1313 Nam
823 1270 895 1316 cum
917 1260 1001 1316 esset
1020 1251 1072 1316 ille
1094 1255 1143 1318 vir
1158 1257 1360 1341 exemplum,
1383 1267 1419 1323 ut
1433 1258 1531 1341 scitis,

208 1346 406 1415 innocentiae
442 1363 576 1429 cumque
608 1342 663 1408 illo
695 1364 789 1408 nemo
822 1365 925 1430 neque
947 1345 1100 1431 integrior
1122 1356 1203 1413 esset
1224 1350 1258 1413 in
1280 1351 1404 1415 civitate
1425 1372 1531 1439 neque

207 1441 355 1516 sanctior,
386 1459 450 1504 non
472 1436 568 1504 modo
590 1439 722 1523 supplex
743 1435 898 1504 iudicibus
921 1461 989 1505 esse
1012 1440 1128 1517 noluit,
1156 1440 1211 1506 sed
1235 1466 1275 1508 ne
1297 1443 1439 1510 ornatius
1462 1449 1532 1531 qui·

207 1534 278 1602 dem
299 1545 353 1601 aut
373 1535 503 1616 liberius
525 1550 650 1597 causam
673 1533 733 1596 dici
756 1552 858 1604 suam,
881 1553 974 1618 quam
996 1533 1131 1620 simplex
1144 1536 1225 1601 ratio
1239 1539 1379 1605 veritatis
1393 1541 1528 1605 serebat.

207 1629 348 1697 Paullum
379 1631 453 1693 huic
480 1630 587 1694 Cottae
616 1624 726 1693 tribuit
751 1627 901 1713 partium,
934 1630 1139 1693 disertissimo
1161 1629 1370 1709 adolescenti,
1405 1637 1527 1701 sororis

80 1746 83 1754 “
169 1740 283 1792 1⁵suae
303 1723 380 1790 iilic.
423 1721 509 1786 Dixit
530 1723 606 1785 item
627 1740 753 1786 causam
774 1721 858 1786 illam
881 1721 1013 1806 quadam
1042 1742 1083 1788 ex
1112 1731 1200 1806 parte
1229 1728 1268 1802 Q.
1285 1727 1406 1792 Mucius
1438 1748 1529 1794 more

207 1842 281 1894 suo,
314 1817 400 1883 nullo
422 1824 591 1902 apparatu,
627 1836 706 1898 pure
728 1821 760 1880 et
781 1815 926 1882 dilucide.
969 1820 1041 1882 230.
1075 1816 1195 1894 Quodsi
1217 1826 1251 1883 tu
1272 1827 1364 1893 tunc,
1399 1822 1528 1899 Crasse,

208 1913 355 1988 dixisses,
378 1914 431 1998 qni
454 1908 628 1976 subsidium
651 1913 769 1975 oratori
784 1933 824 1976 ex
838 1913 900 1975 illis
914 1910 1194 1998 disputationibus,
1220 1915 1334 1999 quibus
1348 1916 1531 2002 philosophi

207 2017 352 2081 utuntur,
386 2009 426 2071 ad
449 2004 573 2070 dicendi
594 2004 717 2090 copiam
739 2007 909 2090 petendum
931 2026 999 2070 esse
1020 2006 1126 2092 paullo
1149 2014 1221 2073 ante
1243 2010 1388 2088 dicebas3
1425 2021 1473 2087 et,
1504 2016 1531 2078 si

208 2102 267 2168 tihi
289 2123 345 2189 pro
367 2105 401 2166 P.
418 2099 535 2166 Rutilio
562 2119 626 2164 nou
652 2098 912 2186 philosophorum
946 2121 1034 2165 more
1067 2104 1123 2166 scd
1150 2110 1205 2166 tuo
1235 2102 1375 2168 licuisset
1402 2107 1530 2181 dicere,

171 2197 350 2285 acquamvis
372 2196 517 2261 scelerati
538 2195 585 2258 illi
606 2193 755 2271 inissent,
788 2193 878 2260 sicuti
906 2193 1050 2272 luerunt,
1084 2195 1225 2279 pestiferi
1252 2199 1336 2263 cives
1360 2200 1532 2286 supplicio-

209 2312 271 2380 que
300 2290 405 2376 digni,
438 2299 541 2355 tamen
571 2309 699 2354 omnem
725 2310 835 2354 eorum
862 2288 1131 2376 importunitatem
1160 2311 1200 2356 ex
1226 2291 1341 2356 intimis
1371 2296 1531 2359 mentibus

210 2383 367 2452 evellisset
387 2383 433 2448 vis
455 2382 608 2449 orationis
629 2392 719 2449 tuae:
754 2403 837 2448 nunc
857 2383 927 2448 talis
948 2384 999 2449 vir
1025 2384 1157 2450 amissus
1179 2394 1240 2463 est,
1276 2385 1350 2451 dum
1371 2407 1465 2453 causa
1486 2390 1531 2454 ita

210 2480 338 2554 dicitur,
373 2487 407 2544 ut
431 2480 457 2544 si
483 2479 515 2544 in
536 2478 591 2543 itta
611 2478 831 2544 commenticia
850 2478 987 2544 Platonis
1009 2478 1134 2544 civitate
1156 2500 1208 2545 res
1229 2489 1384 2566 ageretur.
1427 2487 1529 2548 Nemo

208 2571 379 2660 ingemuit,
401 2593 495 2639 nemo
517 2572 696 2638 inclamavit
716 2579 940 2655 patronorum,
964 2571 1043 2637 nihil
1067 2575 1211 2659 cuiquam
1234 2574 1348 2651 doluit,
1371 2598 1466 2641 nemo
1482 2586 1531 2642 est

172 2684 200 2725 π
210 2677 355 2756 questus,
378 2687 471 2733 nemo
494 2665 731 2752 rempublicam
747 2668 940 2754 imploravit,
963 2688 1056 2733 nemo
1071 2668 1268 2752 supplicavit.
1311 2670 1395 2747 Quid
1410 2670 1529 2737 multat

208 2761 322 2848 pedem
344 2783 437 2826 nemo
458 2764 490 2826 in
511 2761 566 2827 illo
588 2761 702 2827 iudicio
726 2762 893 2848 supplosit,
926 2761 1038 2838 credo,
1073 2785 1113 2827 ne
1142 2765 1255 2828 Stoicis
1282 2769 1527 2831 renuntiaretur.

208 2859 287 2923 btv.
311 2861 384 2922 231.
419 2858 559 2921 Imitatus
588 2865 635 2920 est
656 2859 751 2921 bomo
774 2860 932 2922 Romanus
955 2864 986 2921 et
1006 2856 1178 2921 consularis
1200 2866 1339 2923 veterem
1361 2858 1448 2923 illum
1472 2863 1530 2925 So-

211 2961 340 3024 cratem,
364 2953 434 3038 qui,
466 2972 536 3016 cum
567 2953 708 3016 omnium
730 2951 975 3036 sapientissimus
996 2960 1079 3016 esset
1100 2952 1355 3040 sanctissimeque
1377 2953 1527 3031 vixisset,

209 3047 252 3113 ita
273 3050 306 3112 iu
326 3046 442 3112 iudicio
464 3046 572 3132 capitis
594 3067 651 3128 pro
679 3068 713 3110 se
741 3049 808 3131 ipse
839 3046 931 3119 dixit,
964 3053 998 3110 ut
1029 3065 1092 3110 non
1123 3045 1256 3132 supplex
1285 3056 1338 3113 aut
1368 3068 1443 3113 reus
1474 3053 1529 3114 sed

174 3143 359 3225 somagister
390 3148 443 3204 aut
474 3138 621 3205 dominus
653 3138 812 3204 videretur
844 3161 912 3204 esse
942 3138 1093 3204 iudicum.
1139 3142 1223 3218 Quin
1250 3142 1358 3218 etiam,
1397 3162 1470 3207 cum
1500 3143 1530 3209 ei

211 3235 358 3319 scriptam
380 3233 554 3300 orationem
575 3233 797 3299 disertissimus
821 3241 928 3298 orator
958 3234 1066 3321 Lysias
1092 3234 1263 3313 attulisset,
1298 3257 1410 3324 quarm
1445 3237 1471 3302 si
1499 3237 1529 3302 ei

210 3331 383 3404 videretur,
406 3332 577 3407 edisceret,
601 3338 694 3394 ntea
715 3348 773 3414 pro
795 3350 828 3394 se
848 3330 882 3392 in
904 3330 1020 3393 iudicio
1041 3336 1196 3404 uteretur,
1230 3351 1294 3396 nou
1315 3330 1431 3396 invitus
1453 3331 1530 3415 legit

211 3432 242 3488 et
263 3425 427 3489 commode
449 3423 595 3511 scriptam
616 3444 685 3489 esse
708 3423 800 3502 dixit;
824 3425 895 3495 sed,
917 3423 1033 3507 inquit,
1058 3432 1109 3499 ut,
1133 3423 1160 3488 si
1181 3423 1258 3491 mibi
1280 3425 1402 3490 calceos
1419 3424 1528 3514 Sicyo-

211 3521 281 3585 nios
302 3521 474 3595 attulisses,
506 3540 571 3583 non
599 3526 724 3594 uterer,
759 3519 902 3603 quamvis
924 3526 1029 3582 essent
1049 3516 1171 3583 habiles
1192 3528 1225 3583 et
1245 3519 1309 3605 apti
1331 3524 1370 3585 ad
1392 3518 1526 3605 pedem,

175 3628 202 3672 ³⁵
212 3613 284 3698 qnia
304 3635 369 3678 non
391 3621 495 3678 essent
515 3612 637 3690 viriles3
675 3614 720 3678 sic
742 3612 827 3678 illam
849 3614 1025 3678 orationem
1046 3615 1195 3677 disertam
1217 3613 1277 3678 sibi
1300 3621 1331 3679 et
1353 3617 1527 3680 oratoriam

211 3708 328 3785 videri,
365 3711 480 3773 sortem
502 3715 534 3773 ct
554 3709 679 3773 virilem
700 3729 765 3772 non
787 3706 899 3773 videri.
943 3710 1025 3791 Ergo
1053 3706 1106 3772 ille
1132 3727 1258 3792 quoque
1279 3707 1444 3775 damnatus
1466 3717 1527 3787 est;

210 3823 314 3888 neque
335 3801 436 3867 solum
457 3803 565 3888 primis
586 3800 765 3875 sententiis,
798 3802 912 3884 quihus
933 3808 1053 3864 tantum
1075 3800 1251 3867 statuebant
1271 3801 1407 3878 iudices,
1442 3801 1529 3867 dam·

209 3905 340 3973 narcut,
364 3916 403 3959 au
424 3897 638 3970 absolverent,
661 3897 717 3959 scd
739 3893 832 3960 etiam
853 3893 932 3970 illis,
956 3915 1033 3979 quas
1047 3893 1161 3961 iterum
1182 3895 1304 3981 legibus
1325 3896 1411 3963 ferro
1432 3897 1529 3963 debe·

211 3995 297 4057 bant.
339 3994 414 4055 Erat
435 3989 517 4054 enim
537 3988 665 4054 Athenis
686 4008 743 4053 reo
757 3990 921 4065 damnato,
944 3988 972 4053 si
984 3990 1070 4055 fraus
1085 3989 1224 4077 capitalis
1239 4012 1302 4057 uon
1318 4001 1415 4068 esset,
1439 3994 1529 4080 qnasi

170 4100 201 4144 ἰο
211 4107 332 4175 poenae
352 4083 549 4162 aestimati03
583 4087 656 4148 232.
680 4092 712 4148 et
732 4085 884 4149 sententia
906 4104 978 4148 cum
1000 4083 1154 4150 iudicibus
1176 4086 1320 4163 daretur,
1351 4086 1529 4172 interroga·

280 4261 305 4313 1.
326 4267 352 4311 ct
368 4266 428 4312 ante
447 4260 507 4310 odio
526 4271 578 4308 om.
599 4257 630 4307 Β.
652 4284 681 4294 -
702 4258 728 4308 5.
747 4258 788 4308 hta
804 4269 905 4321 quoquc
921 4255 969 4322 tr.]
989 4259 1081 4308 distr.
1102 4259 1140 4320 B,
1160 4261 1199 4310 dtr
1216 4263 1295 4324 quast
1313 4267 1348 4311 tr.
1368 4273 1420 4325 mg.
1443 4260 1526 4319 Cret..

211 4335 279 4384 hisco
296 4341 331 4385 tr.
352 4339 458 4383 auctore
478 4330 643 4391 Heustngero
656 4328 688 4378 Τ.
718 4328 785 4379 Puto
805 4326 885 4379 tutsra
904 4329 946 4377 tris
963 4331 1075 4394 quinque
1093 4331 1255 4395 tragoediis:
1275 4332 1302 4388 1)
1322 4332 1439 4394 pupitlns
1459 4331 1528 4381 tittus

211 4418 258 4467 per
275 4418 303 4456 ss
321 4409 452 4465 spectatus
480 4397 607 4465 (lurensi.
628 4401 671 4458 15,
691 4397 783 4463 131.);
811 4397 839 4461 2)
859 4401 940 4459 patris
960 4403 1016 4451 etus
1035 4400 1171 4451 ctartsstmt
1191 4406 1336 4459 mamertus
1374 4401 1407 4460 3,
1426 4398 1453 4466 t)
1473 4402 1528 4451 duo

210 4476 256 4525 tittt
277 4478 367 4536 paratz
387 4473 413 4529 5)
432 4473 512 4524 tutela
531 4470 622 4535 poputt
641 4470 752 4521 [tument
771 4482 786 4519 a
804 4468 885 4520 Galba
905 4470 1051 4531 implorata.
1072 4472 1124 4523 Oa.
1156 4496 1185 4506 -
1214 4475 1257 4523 11.
1283 4486 1365 4535 noque
1382 4480 1442 4524 anta
1461 4474 1528 4523 totc-

211 4547 287 4608 prc‘or
304 4558 355 4595 om.
375 4544 406 4593 Β.
428 4569 455 4581 ·-
479 4544 522 4594 12.
540 4542 625 4593 votuit
643 4554 703 4591 cum
723 4542 810 4591 multis
829 4539 913 4592 Codd.
934 4547 961 4593 et
980 4542 1013 4599 Β,
1028 4541 1059 4591 Τ.
1082 4540 1181 4605 (noluit
1198 4542 1283 4593 flrmst
1296 4542 1338 4607 B.)
1354 4570 1382 4581 -
1403 4543 1446 4594 13.
1467 4543 1530 4592 liba-

210 4611 277 4677 rius]
296 4614 400 4665 ubertus
418 4614 525 4664 Battus.
544 4639 577 4650 -
595 4614 683 4663 orctc'o
701 4612 734 4661 Β.
756 4637 784 4648 -
813 4611 857 4662 28.
877 4610 933 4677 put]
952 4627 1031 4676 quom
1049 4612 1080 4662 B.
1103 4637 1133 4649 -
1162 4612 1526 4677 29.aedctmcptstsr1.g.

211 4684 274 4745 93.;
303 4698 356 4734 non
373 4685 416 4742 Β.
446 4698 516 4748 quac
535 4685 585 4734 hoc
603 4696 712 4746 quoque
732 4683 789 4731 loco
809 4682 842 4732 ab
862 4683 906 4732 tito
925 4683 1030 4740 dttiert,
1059 4686 1109 4734 etat
1133 4687 1160 4734 tu
1179 4684 1312 4749 ptertsque
1330 4685 1473 4735 stmttltms.
1495 4711 1526 4721 -

212 4753 255 4803 dt).
275 4767 332 4804 cum
350 4762 409 4804 ante
428 4756 451 4805 st
469 4768 522 4804 cm.
542 4755 573 4804 B.
587 4779 620 4790 —
638 4752 681 4804 35.
701 4748 860 4814 oratorium]
880 4759 1003 4803 ornatam
1021 4753 1177 4812 Schutxtus,
1198 4763 1335 4806 tornatum
1348 4755 1526 4806 Richstadtus.

213 4848 243 4862 -
264 4823 307 4874 st.
324 4819 415 4889 neque]
431 4838 489 4960 >rum
507 4825 537 4874 Β.
557 4846 590 4860 -
619 4823 663 4873 do.
679 4836 785 4885 poeno:
805 4835 836 4874 co
853 4826 1003 4875 aestimatio
1022 4823 1078 4874 ΒΒ.
1101 4850 1129 4863 ·-
1161 4822 1196 4889 st]
1223 4839 1255 4877 ca
1273 4828 1303 4877 Β.
1336 4825 1464 4888 (Utres,
1492 4825 1526 4876 R.

210 4893 301 4947 Itlaltrn
318 4907 359 4946 cc.
378 4894 428 4947 0¹.
