3232 5392
163 212 229 281 40⁰
740 210 897 277 .TOPICA

161 371 324 461 species
338 373 523 458 appellaui,
546 392 612 436 uon
635 371 768 458 pessime
789 369 821 437 id
843 371 992 459 quidem,
1014 370 1241 438 sedinutiliter
1260 370 1300 438 ad
1321 370 1490 439 mutandos

161 470 308 537 naiasin
330 470 477 535 dicando.
520 466 623 531 Nolim
646 467 748 542 enim,
775 487 815 532 ue
836 469 864 532 si
884 469 993 532 Latine
1015 468 1114 551 possit
1133 466 1263 554 quidem
1284 467 1361 542 diei,
1395 489 1491 552 spe-

163 563 317 630 cierum
344 571 376 628 et
404 558 622 648 speciebus
650 560 771 641 dicara;
806 571 838 627 et
863 582 956 647 saepe
978 561 1016 628 iis
1037 563 1163 626 casibus
1183 558 1334 631 utendum
1356 571 1421 637 est:
1459 568 1491 624 at

162 658 310 724 formis
331 664 363 723 et
383 654 597 722 formarum
623 654 729 721 velim.
775 657 853 723 Cum
880 669 986 726 autem
1008 662 1142 741 auoque
1163 659 1263 721 verbo
1283 653 1368 721 idam
1391 655 1491 740 signi·

139 750 292 829 siieetur,
315 750 567 820 commoditatem
580 749 613 815 in
632 751 766 817 dicendo
788 773 852 818 nou
874 755 1011 820 arbitror
1031 748 1262 836 negligendam.
1308 753 1360 816 31.
1383 751 1490 814 Genus

162 854 197 914 et
215 848 352 913 formam
379 843 533 912 definiunt
559 847 622 910 boc
650 846 763 911 modos
794 869 892 932 genus
922 856 970 914 est
995 845 1083 912 notio
1104 843 1145 911 ad
1166 844 1272 928 plures
1294 843 1490 909 differentias

161 943 339 1027 pertinem;
371 938 474 1006 forma
495 947 544 1005 est
564 941 674 1017 notio,
706 939 793 1006 cuius
820 940 997 1008 differentia
1024 943 1064 1005 ad
1086 949 1178 1027 caput
1200 938 1324 1024 generis
1345 945 1378 1002 et
1399 938 1492 1024 quasi

161 1033 280 1102 ionum
310 1032 423 1100 referri
451 1041 565 1118 potest.
609 1035 778 1100 Notionem
805 1037 950 1123 appello,
984 1055 1079 1123 quam
1107 1034 1217 1099 Graeci
1246 1042 1313 1098 tum
1339 1033 1489 1107 ἔννοιαν,

124 1173 131 1183 ·
162 1137 229 1196 tum
250 1129 429 1215 πρόληψιν.
473 1132 518 1194 Ea
540 1137 589 1194 est
610 1128 755 1195 insitaet
776 1142 945 1219 praecepta
964 1133 1117 1216 cuiusque
1136 1127 1275 1213 cognitio
1289 1128 1491 1194 enodationis

125 1225 318 1307 uindigens.
362 1226 495 1288 Formae
516 1232 587 1288 sunt
611 1221 728 1309 [igitur]
754 1244 829 1301 eae,
860 1226 893 1292 in
921 1245 999 1313 quas
1027 1244 1125 1309 genus
1147 1225 1214 1287 sine
1234 1221 1328 1287 ullius
1350 1232 1492 1309 praeter-

166 1317 314 1384 missione
336 1316 504 1395 dividitur3
527 1326 561 1382 ut
576 1317 604 1382 si
622 1320 694 1404 quis
714 1321 763 1384 ius
785 1321 817 1384 iu
840 1319 957 1404 legem,
982 1339 1123 1395 morem,
1147 1317 1337 1404 aequitatem
1360 1316 1491 1382 dividat.

163 1414 293 1478 Formas
315 1410 369 1498 qui
390 1419 479 1498 putat
499 1410 582 1477 idem
606 1432 695 1490 esse,
728 1413 813 1501 quod
834 1422 959 1501 partes,
990 1411 1151 1479 confundit
1172 1419 1273 1477 artem
1294 1419 1326 1475 et
1348 1411 1492 1475 similitu·

164 1509 237 1574 diua
258 1505 391 1594 quadam
414 1504 619 1573 conturbatus
640 1526 704 1574 nou
725 1510 801 1573 satis
822 1517 931 1585 acute,
954 1529 1036 1597 quaa
1058 1517 1131 1573 suni
1144 1507 1356 1580 secernenda,
1380 1506 1491 1570 distin·

164 1603 240 1688 guii.
283 1604 384 1687 Saepe
413 1602 507 1666 etiam
541 1600 692 1666 deliniunt
720 1613 751 1669 et
782 1611 926 1669 oratores
958 1610 991 1668 et
1021 1611 1133 1686 poetae
1166 1622 1224 1687 per
1253 1601 1490 1666 translationem

55 1700 58 1704 ’
125 1692 253 1762 tiverbi
267 1715 307 1760 ex
321 1694 522 1762 similitudine
538 1716 610 1761 cum
624 1695 902 1784 aliquasuavitate,
945 1699 998 1762 32.
1024 1699 1158 1780 Sedego
1175 1693 1321 1762 arestris
1338 1693 1491 1778 exemplis

163 1787 224 1854 nisi
245 1789 423 1855 necessario
445 1810 509 1856 nou
532 1790 687 1856 recedam.
733 1791 861 1858 Solebat
882 1791 987 1882 igiturx
1006 1792 1167 1878 Aquilius,
1206 1789 1324 1874 collega
1347 1796 1380 1853 et
1400 1786 1492 1853 iami-

91 1951 100 1972 ·.
163 1881 249 1950 liaris
272 1903 380 1959 meus,
404 1905 476 1951 eum
497 1884 537 1950 de
559 1885 705 1952 litoribus
725 1897 888 1972 ageretur,
910 1908 991 1974 quae
1014 1888 1119 1951 omnia
1141 1884 1268 1969 publica
1291 1903 1360 1948 esse
1382 1884 1488 1958 vultis,

164 1977 388 2065 quaerentibus
407 1981 465 2056 iis,
502 1979 541 2046 ad
563 1999 642 2066 quos
664 1980 697 2045 id
719 1982 912 2066 pertinebat,
950 1983 1026 2068 quid
1049 1989 1131 2046 esset
1151 1980 1240 2052 litus,
1276 1979 1322 2042 ita
1343 1974 1489 2053 definire,

164 2093 228 2160 qua
249 2071 361 2138 fluctus
383 2073 541 2154 eluderet;
578 2077 642 2139 boe
663 2082 727 2149 est,
761 2077 850 2163 quasi
876 2075 931 2165 qui
959 2077 1203 2141 adolescentiam
1224 2075 1334 2137 florem
1357 2072 1487 2147 aetatis,

127 2174 359 2235 »senectutem
381 2189 525 2235 occasum
547 2169 628 2235 vitae
651 2169 728 2236 velit
749 2169 897 2249 delinire;
930 2170 1132 2237 translatione
1161 2169 1244 2234 euim
1273 2176 1365 2233 utens
1391 2169 1493 2232 disce·

165 2260 259 2330 debat
285 2284 304 2330 a
332 2263 439 2330 serbis
466 2264 604 2350 propriis
637 2284 745 2331 rarum
775 2287 812 2330 ac
844 2265 920 2332 suis.
975 2267 1058 2333 viii.
1092 2262 1194 2343 Quod·
1217 2261 1258 2328 ad
1289 2260 1489 2327 definitiones

165 2357 292 2434 attinet,
314 2360 482 2437 hacteuus;
507 2358 630 2446 reliqua
651 2361 825 2426 videamus.

250 2456 300 2519 33.
322 2453 495 2518 Partitioue
517 2456 563 2518 sic
583 2456 737 2519 utendum
759 2463 821 2530 est,
843 2454 961 2521 nullam
982 2461 1018 2520 ut
1038 2460 1161 2539 partem
1182 2451 1358 2536 relinquas;
1391 2461 1443 2527 ut,
1465 2451 1493 2518 si

166 2547 276 2633 partiri
296 2547 374 2613 velis
396 2549 522 2623 tutelas,
546 2550 715 2615 inscienter
733 2551 845 2627 facias,
879 2551 906 2615 si
927 2550 1023 2615 ullam
1044 2548 1284 2635 praetermittas.
1328 2552 1368 2612 At
1390 2548 1415 2613 si
1439 2551 1493 2613 sti·

128 2641 362 2728 ”pulationum
391 2650 447 2707 aut
473 2642 661 2709 iudiciorum
689 2643 840 2710 formulas
870 2647 1022 2729 partiare,
1058 2665 1124 2708 non
1153 2651 1200 2706 cst
1228 2642 1379 2707 vitiosum
1401 2640 1433 2705 iu
1456 2663 1492 2707 re

165 2735 284 2804 infinita
316 2737 566 2824 praetermittere
593 2737 724 2825 aliquid.
766 2737 860 2817 Quod
892 2738 976 2804 idem
1006 2737 1040 2804 in
1067 2736 1221 2803 divisione
1250 2736 1399 2802 vitiosum
1430 2745 1488 2801 est.

166 2835 353 2899 Formarum
383 2831 466 2897 euim
494 2841 597 2898 certus
624 2841 672 2899 est
692 2854 859 2910 numerus,
894 2854 975 2920 quae
997 2833 1113 2920 cuique
1133 2829 1243 2914 generi
1266 2829 1490 2908 subiciantur,

166 2928 302 3015 partium
324 2926 502 2993 distributio
524 2948 617 3014 saepe
641 2937 689 2992 est
708 2928 878 3004 infinitior,
901 2938 1060 3015 tamquam
1083 2929 1222 2992 rivorum
1245 2947 1264 2991 a
1284 2924 1371 2989 sonte
1394 2927 1493 2989 dedu·

166 3025 240 3088 ctio.
285 3027 335 3088 3d.
357 3025 465 3108 ltaque
488 3023 519 3087 in
542 3024 687 3088 oratoriis
708 3024 842 3098 artibus,
866 3025 1058 3110 quaestionis
1079 3042 1195 3107 genere
1211 3022 1390 3106 proposito,
1413 3030 1492 3105 quot

129 3120 235 3182 natus
256 3118 376 3182 formae
401 3119 480 3195 sint,
514 3120 714 3201 subiungitur
742 3118 896 3184 absolute.
942 3121 983 3181 At
1004 3137 1074 3182 cum
1096 3119 1136 3180 de
1158 3116 1352 3180 ornamentis
1373 3117 1491 3179 verbo·

167 3231 238 3277 rum
268 3211 529 3278 sententiarumve
558 3213 765 3300 praecipitur,
800 3234 881 3300 quae
908 3221 1020 3278 vocant
1042 3212 1214 3296 σχήματα,
1250 3228 1314 3273 uon
1337 3207 1371 3271 fit
1393 3207 1489 3273 idem.

167 3308 228 3370 Res
256 3314 304 3370 est
331 3309 413 3371 enim
440 3306 609 3386 infinitior;
646 3317 681 3373 ut
709 3330 749 3375 ex
774 3313 834 3374 boc
861 3330 988 3395 quoque
1009 3308 1221 3391 intelligatur,
1257 3303 1332 3388 quid
1355 3302 1488 3368 velimus

166 3398 251 3464 inter
282 3403 481 3485 partitionem
509 3412 540 3468 et
568 3404 754 3469 divisionem
788 3404 948 3469 interesse.
994 3406 1190 3488 Quamquam
1224 3401 1307 3464 enim
1338 3397 1492 3463 vocabula

167 3512 268 3580 prope
299 3494 382 3560 idem
414 3495 517 3562 valere
548 3500 750 3575 videbantur,
787 3509 893 3564 tamen
926 3498 1000 3585 quia
1031 3517 1080 3562 res
1114 3494 1326 3571 differebant,
1365 3495 1493 3558 nomina

133 3600 274 3655 ”rerum
295 3587 411 3654 distare
432 3589 612 3657 voluerunt.

238 3753 264 3802 2.
282 3754 367 3817 possit
385 3753 490 3817 quidem
509 3754 562 3803 dici
580 3756 614 3804 b:
635 3757 741 3818 quidem
758 3758 810 3807 diei
826 3759 910 3819 possit
927 3756 948 3805 ti
967 3768 1025 3806 euru
1045 3757 1140 3806 ceteris
1160 3759 1263 3804 nostris.
1280 3779 1308 3789 -
1330 3752 1357 3803 3.
1377 3755 1412 3802 iis
1431 3753 1490 3804 ads

169 3826 209 3876 tis
228 3824 247 3875 B
267 3837 326 3875 cum
344 3827 438 3874 ceteris
458 3828 561 3875 nostris.
583 3850 613 3862 -
633 3827 659 3875 lt.
680 3827 757 3876 uerbo
776 3839 829 3877 om.
849 3839 874 3876 a.
896 3852 924 3862 -
946 3826 972 3876 8.
992 3823 1080 3891 quant]
1102 3827 1169 3876 banc
1187 3824 1251 3874 Eru.
1270 3826 1339 3873 coni.
1358 3825 1444 3875 iirmat
1464 3826 1490 3873 b.

169 3898 239 3948 Ante
257 3896 278 3946 li
296 3907 355 3944 cum
376 3897 470 3947 ceteris
489 3899 583 3946 nostris
603 3897 717 3947 edebant
734 3898 813 3961 quod.
843 3922 873 3934 -
901 3896 928 3946 9.
955 3893 1108 3964 πρόληψιν
1132 3894 1253 3954 abcdi,
1282 3893 1328 3944 Gr.
1349 3895 1380 3944 ii.
1402 3894 1491 3953 Velie,

171 3967 236 4017 BV:
255 3962 406 4036 πρόληψιν
425 3965 516 4016 dieunt
536 3967 556 4016 E
575 3978 635 4016 curu
655 3981 669 4018 e
687 3969 870 4031 aliisque-o-
894 3973 919 4018 et
934 3978 1076 4028 praecepta
1095 3966 1111 4015 b
1130 3967 1236 4016 tirmsae
1256 3965 1319 4015 Scb.
1340 3965 1493 4016 lectionem.

172 4052 202 4089 er
222 4036 233 4085 i
249 4036 454 4086 coniormatsm:
485 4044 509 4085 et
529 4045 590 4086 ants
605 4046 728 4100 percepta
746 4039 823 4093 aad.
846 4037 911 4096 Gn,
931 4037 1021 4095 Velia,
1042 4039 1073 4088 E.
1101 4061 1134 4074 -
1162 4038 1286 4098 cuiusque
1304 4037 1420 4099 aequitio
1440 4036 1491 4094 bi,

170 4109 210 4165 B:
230 4110 294 4157 item
312 4107 394 4163 sed,
416 4106 483 4166 Gn,
508 4108 554 4158 ted
574 4114 600 4157 tu
620 4109 659 4156 bis
685 4122 863 4168 paratiorem
882 4111 1006 4173 cuiusque
1024 4109 1184 4172 cognitionis
1202 4109 1335 4170 iudiqens:
1367 4108 1493 4168 cuiusque

169 4181 271 4246 fernme
289 4179 404 4241 aequitio
424 4178 444 4226 ii
463 4189 522 4227 eum
543 4192 576 4238 e,
608 4177 712 4229 Osonu.
732 4179 856 4237 duobus,
889 4180 969 4228 velia.
1001 4203 1031 4215 -
1063 4179 1106 4229 10.
1133 4183 1195 4226 sunt
1218 4176 1380 4240 iqiturad,
1409 4177 1491 4234 Veiis,

170 4249 232 4300 liv:
251 4250 339 4310 igitur
354 4253 415 4297 sunt
436 4248 501 4298 bee
520 4248 557 4307 u;
576 4261 628 4298 om.
648 4252 730 4313 iqitur
749 4249 767 4300 i.
805 4250 859 4299 Nos
877 4251 1043 4300 seclusimus.
1066 4273 1096 4285 -
1129 4261 1174 4296 eae
1191 4260 1222 4297 a:
1242 4249 1291 4298 bae
1309 4247 1329 4296 11
1349 4259 1410 4296 eum
1429 4256 1491 4298 cett.

171 4317 314 4382 praeteri.
334 4321 378 4380 qui
398 4322 503 4369 omittit.
526 4343 554 4354 -
575 4320 618 4370 15.
637 4321 728 4383 aliqua
747 4320 873 4377 sedet,
893 4320 939 4369 Gr.
955 4323 991 4377 B,
1011 4337 1043 4391 p,
1063 4320 1155 4379 Valla,
1177 4316 1235 4368 BV:
1255 4317 1374 4382 quadam
1392 4318 1445 4367 bii.
1462 4342 1492 4353 -

171 4389 216 4441 id.
235 4389 354 4454 Aquilius
373 4387 457 4439 Codd.
477 4392 576 4440 uostris
596 4390 727 4454 Aquillius
748 4390 768 4441 it
788 4403 848 4441 cum
868 4391 1006 4443 Lsmbino.
1035 4417 1066 4427 -
1094 4391 1136 4441 19.
1154 4388 1270 4439 eluderet
1289 4401 1379 4440 omues
1399 4392 1491 4444 nostri,

171 4468 202 4510 ut
219 4460 259 4518 li,
290 4458 393 4509 elideret
413 4461 498 4511 Onon.
518 4471 564 4524 ψ.
584 4461 673 4516 Valla.
694 4460 825 4513 Gesnerus
845 4461 877 4512 ed
897 4461 1068 4512 Columellam
1086 4461 1117 4519 d,
1137 4461 1184 4515 20,
1203 4461 1230 4508 2.
1255 4460 1491 4515 asininarum:

171 4530 300 4582 alluderet
319 4540 379 4578 curn
398 4530 548 4582 Passeratio
560 4530 592 4581 Ι..
608 4558 635 4569 -
657 4531 700 4579 20.
721 4533 897 4581 translatione
917 4535 985 4583 enim
1003 4532 1141 4589 abcdei,
1160 4531 1198 4587 11,
1218 4547 1251 4598 p,
1272 4532 1357 4581 Valla:
1379 4529 1494 4579 transla-

171 4606 243 4653 tione
260 4600 330 4662 (eum
349 4599 452 4652 Oroun.
473 4602 587 4662 duobus)
607 4603 637 4652 li.
659 4626 689 4637 -
709 4600 752 4650 33.
773 4605 923 4652 partitione
942 4605 990 4664 et,
1011 4620 1044 4671 p.
1064 4611 1091 4653 et
1108 4616 1147 4665 pr.
1168 4601 1204 4660 b,
1225 4602 1319 4659 Veiis,
1339 4600 1402 4649 bv:
1428 4612 1493 4662 par·-

171 4673 264 4724 titione
291 4675 379 4720 autem
396 4672 459 4733 iiii,
486 4676 632 4734 partitione
650 4680 705 4722 tum
722 4674 780 4721 scd
801 4683 826 4725 et
845 4686 912 4723 corr.
935 4673 965 4733 b,
996 4674 1057 4730 Gr..
1078 4674 1108 4722 B.
1137 4696 1170 4705 -
1202 4672 1245 4720 31.
1274 4672 1494 4719 sententiarumve

172 4741 309 4798 abcdei,
328 4756 360 4809 p,
381 4742 472 4793 Veiis:
492 4747 732 4805 sententiarumque
750 4744 805 4794 ΝΕ.
830 4770 865 4778 -
891 4751 988 4793 vocant
1005 4745 1073 4801 eci,
1094 4743 1158 4792 Gn:
1187 4750 1317 4789 vorantur
1335 4743 1354 4791 E
1374 4754 1432 4789 curn
1452 4751 1494 4789 ce·

173 4815 246 4864 teris.
268 4836 300 4848 -
320 4814 364 4861 33.
382 4819 421 4863 est
438 4816 507 4863 enim
524 4816 624 4875 sede,
646 4814 707 4864 tiva
726 4815 795 4865 enirn
812 4822 850 4865 est
867 4814 887 4864 li
907 4827 965 4865 eum
985 4822 1047 4865 cett.
1063 4838 1095 4848 -
1115 4811 1158 4862 33.
1178 4811 1339 4862 uidebantur
1357 4810 1491 4863 Orellius:

173 4883 312 4935 uideantur
330 4897 390 4936 cum
411 4884 484 4934 iibrie
504 4884 534 4937 a.
