3232 5392
555 275 705 360 esurus
729 275 763 339 o.
789 275 818 344 1.
840 275 872 337 a.
895 274 927 338 a.
1342 277 1403 343 ιιι

83 443 114 500 et
127 434 285 500 monendo
299 442 331 499 et
345 432 491 500 favendo.
536 437 567 499 t.
586 433 665 508 Sed,
690 433 840 520 quoniam
852 443 1003 521 perpetua
1018 438 1151 523 quadam
1166 435 1314 503 felicitate
1329 447 1408 505 usus*

82 530 134 594 ille
158 530 252 594 cessit
272 549 290 593 e
312 528 374 593 vita
398 550 457 595 suo
478 531 578 613 magis
600 550 693 614 quam
716 549 844 594 suornm
868 529 983 595 civium
1005 539 1149 614 tempore
1171 538 1204 596 et
1230 539 1295 598 tum
1322 535 1406 597 oeci-

82 623 144 698 dit,
170 642 242 687 cum
262 623 372 707 lugere
393 622 516 689 facilius
538 645 605 688 rem
628 624 785 705 publicam
807 632 928 710 posset,
954 624 981 689 si
1003 626 1142 702 viveret,
1166 648 1260 711 quam
1283 629 1404 703 iuvare,

82 714 222 801 vixitque
244 717 380 796 tamdiu,
417 739 510 805 quam
532 715 620 783 licuit
641 716 673 781 in
696 716 818 782 civitate
840 722 922 782 bene
952 720 1106 804 beatoque
1135 721 1259 794 vivere,
1295 730 1405 787 nostro

81 812 283 877 incommodo
313 811 582 897 detrimentoque,
619 810 645 876 si
667 820 715 875 est
741 813 784 875 ita
813 831 960 887 necesse,
998 810 1177 879 doleamus:
1214 813 1298 879 illius
1326 835 1428 881 veros

82 908 191 971 mortis
213 909 477 992 opportunitatem
500 903 720 971 benevolentia
742 907 848 990 potius
879 926 972 991 quum
996 906 1213 972 misericordia
1234 928 1406 995 prosequa-

82 1021 172 1076 mur,
205 1009 254 1074 ιιι,
292 1004 538 1089 quotiescunque
567 999 606 1066 de
634 1000 809 1064 clarissimo
837 1007 869 1064 et
896 1001 1078 1065 beatissimo
1110 1003 1179 1066 viro
1212 1007 1405 1087 cogitemus,

83 1092 170 1159 illum
191 1097 295 1180 potius
317 1117 411 1181 quam
433 1094 663 1178 nosmetipsos
685 1094 816 1179 diligere
837 1095 1008 1159 videamur.
1052 1099 1083 1160 5.
1109 1099 1204 1174 Nam,
1228 1100 1254 1161 si
1269 1099 1301 1164 id
1316 1102 1406 1165 dole·

82 1209 165 1262 mus,
199 1192 284 1274 quod
307 1211 347 1255 eo
370 1187 628 1256 iamlminobis
650 1188 829 1265 nonlicet,
864 1197 1004 1253 nostrum
1028 1191 1128 1254 estid
1150 1191 1281 1268 malum;
1320 1197 1405 1280 quod

82 1281 205 1348 modice
226 1283 377 1359 seramus,
400 1306 440 1350 ne
463 1285 495 1350 id
517 1306 581 1349 non
604 1283 643 1349 ad
665 1283 849 1357 amicitiam,
876 1280 933 1347 sed
954 1280 993 1346 ad
1015 1282 1219 1350 domesticam
1241 1285 1443 1355 utilitatemru

83 1375 202 1442 referre
223 1376 395 1443 videamur.
442 1379 510 1453 Sin,
549 1387 707 1464 tamquam
736 1376 780 1442 illi
807 1376 868 1459 ipsi
896 1374 1076 1442 acerbitatis
1097 1378 1213 1466 aliquid
1235 1383 1402 1460 acciderit,

82 1474 239 1556 angimur,
262 1494 415 1537 summam
437 1475 504 1538 eius
525 1473 705 1538 felicitatem
726 1493 791 1537 non
813 1473 888 1537 satis
910 1479 999 1554 grato
1021 1471 1127 1537 animo
1148 1475 1404 1557 interpretamur.

82 1569 123 1632 ΙΙ.
147 1572 176 1633 6.
198 1569 339 1640 Etenim,
368 1567 395 1632 si
416 1567 538 1633 viveret
560 1570 598 1644 Q.
613 1569 814 1641 Hortensius,
846 1574 950 1631 cetera
972 1563 1106 1631 sortasse
1128 1565 1321 1635 desideraret
1342 1593 1405 1637 una

83 1682 153 1726 cum
175 1661 304 1748 reliquis
325 1663 416 1727 bonis
437 1670 469 1727 et
488 1659 623 1727 fortibus
646 1661 783 1738 civibus;
806 1662 891 1726 hunc
912 1667 968 1725 aut
988 1669 1114 1743 praeter
1129 1669 1251 1727 eeteros
1264 1672 1319 1728 aut
1332 1687 1403 1731 cum

82 1757 379 1841 paucissustineret
400 1755 558 1830 dolorem,
581 1775 651 1820 cum
673 1755 900 1840 forumpopuli
916 1753 1066 1828 Romani,
1090 1757 1174 1839 quod
1190 1753 1300 1821 fuisset
1314 1759 1441 1843 quasin

81 1856 236 1918 theatrum
258 1851 342 1917 illius
363 1850 496 1936 ingenii,
518 1869 596 1915 voce
615 1848 738 1914 erudita
752 1857 783 1914 et
798 1850 945 1914 Romanis
961 1850 1150 1935 Graecisque
1164 1853 1294 1917 auribus
1310 1851 1404 1937 digua

82 1949 250 2032 spoliatum
273 1954 367 2031 atque
388 1943 534 2010 orbatum
556 1942 687 2009 videret.
728 1941 882 2026 Equidem
912 1964 1013 2027 angor
1041 1945 1146 2009 animo
1173 1965 1237 2008 non
1265 1946 1403 2021 consilii,

82 2062 145 2107 non
168 2043 301 2128 ingenii,
324 2061 387 2104 non
409 2037 603 2104 auctoritatis
625 2039 719 2102 armis
741 2056 836 2121 egere
859 2038 1114 2122 rempublicam,
1137 2058 1218 2123 quae
1232 2037 1403 2105 didiceram

82 2144 212 2201 tractare
241 2132 417 2222 quibusque
446 2154 497 2197 me
525 2129 755 2197 assuefeceram
783 2150 926 2218 quaeque
953 2140 1043 2197 erant
1071 2133 1199 2216 propria
1221 2155 1293 2198 cum
1314 2154 1406 2220 prae·

82 2233 190 2296 stantis
211 2233 243 2294 iu
265 2250 299 2296 re
321 2226 446 2315 publica
467 2226 527 2292 viri
549 2234 615 2292 tum
637 2228 719 2291 bene
740 2235 880 2291 moratae
903 2234 935 2292 et
955 2224 1036 2292 bene
1057 2229 1244 2293 constitutae
1259 2227 1404 2294 civitatis.
1415 2256 1443 2297 sc

82 2326 202 2404 Quodsi
224 2323 283 2389 luit
303 2323 335 2388 in
357 2343 393 2387 re
414 2318 541 2406 publica
562 2330 685 2403 tempus
706 2320 822 2397 ullum,
845 2342 918 2387 cum
936 2330 1125 2406 extorquere
1147 2343 1234 2387 arma
1255 2333 1363 2409 posset
1384 2340 1402 2389 e

81 2417 225 2484 manibus
252 2418 404 2483 iratorum
431 2414 545 2480 civium
567 2413 643 2480 boni
665 2413 741 2479 civis
762 2414 933 2480 auctoritas
954 2423 986 2480 et
1007 2414 1127 2492 oratio,
1163 2424 1230 2482 turn
1258 2416 1404 2501 prolecto

81 2513 156 2589 luit,
195 2536 265 2579 cum
297 2511 503 2597 patrocinium
535 2511 621 2595 pacis
655 2507 816 2574 exclusum
851 2516 899 2574 est
930 2519 984 2573 aut
1016 2530 1124 2575 errore
1154 2510 1317 2576 bominum
1347 2520 1403 2577 aut

80 2611 205 2674 timore.
250 2610 281 2671 0.
306 2608 350 2670 lta
372 2606 530 2669 nobismet
550 2602 626 2689 ipsis
640 2602 770 2680 accidit,
794 2612 846 2679 ut,
870 2624 1058 2690 quamquam
1074 2612 1178 2671 essent
1191 2604 1290 2670 multo
1305 2609 1404 2690 magis

81 2702 140 2767 alia
162 2701 311 2785 lugenda,
349 2708 453 2764 tamen
475 2700 536 2762 hoc
558 2697 753 2772 doleremus,
791 2697 894 2783 quod,
933 2719 997 2784 quo
1025 2708 1166 2784 tempore
1188 2707 1274 2763 aetas
1296 2709 1441 2765 nostraas

81 2797 241 2883 perfuncta
263 2797 357 2859 rebus
379 2791 578 2876 amplissimis
601 2801 758 2877 mmquam
780 2794 812 2856 in
834 2802 960 2875 portum
982 2794 1153 2877 confugere
1168 2794 1316 2869 deberet,
1340 2816 1405 2860 non

82 2892 210 2956 inertiae
232 2910 334 2975 neque
356 2887 509 2960 desidiae,
546 2889 602 2952 sed
625 2889 682 2953 otii
704 2889 855 2953 moderati
877 2896 970 2973 atque
997 2889 1138 2963 bonesti,
1176 2907 1309 2973 cumque
1335 2887 1405 2974 ipsa

82 2983 181 3049 oratio
208 2985 271 3048 iam
298 2991 404 3048 nostra
432 2988 611 3046 canesceret
633 2979 825 3067 haberetque
847 3003 935 3047 suam
957 2983 1113 3067 quandam
1140 2984 1350 3049 maturitatem
1372 2991 1404 3047 et

82 3080 170 3165 quasi
192 3085 404 3154 senectutem,
428 3084 495 3140 tum
516 3096 603 3140 arma
625 3085 696 3140 sunt
719 3096 755 3140 ea
777 3083 917 3159 sumpta,
940 3073 1055 3161 quibus
1076 3075 1121 3142 illi
1143 3078 1222 3163 ipsi,
1247 3077 1302 3162 qui
1324 3076 1405 3143 didi-

81 3181 187 3238 cemnt
208 3176 253 3238 eis
274 3173 320 3237 uti
343 3173 495 3255 gloriose,
531 3171 794 3255 quemadmodum
817 3171 994 3252 salutariter
1014 3179 1193 3246 uterentur,
1227 3192 1291 3238 non
1313 3191 1441 3259 repe-ae

80 3266 214 3332 riebant.
258 3269 290 3332 0.
321 3269 429 3352 ltaque
451 3264 481 3329 ei
503 3263 579 3328 mibi
600 3261 745 3329 videntur
766 3262 921 3329 fortunate
951 3269 1105 3352 beateque
1133 3266 1250 3333 vixisse
1277 3286 1348 3331 cum
1369 3269 1403 3332 in

80 3360 192 3427 ceteris
214 3358 391 3425 civitatibus
414 3368 478 3423 tum
501 3359 637 3422 maxime
658 3359 689 3422 in
711 3365 836 3436 nostra,
861 3358 974 3443 quibus
989 3379 1060 3425 cum
1074 3361 1260 3427 auctoritate
1281 3381 1403 3426 rerum·

80 3477 142 3543 que
163 3465 318 3543 gestamm
341 3455 439 3538 gloria
461 3462 527 3518 tum
549 3453 641 3516 etiam
663 3451 834 3535 sapientiae
855 3454 947 3518 laude
971 3451 1091 3538 perfrui
1112 3454 1211 3520 licuit.
1257 3455 1401 3532 Quorum

80 3553 233 3618 memoria
257 3560 288 3617 et
310 3547 485 3615 recordatio
503 3550 535 3611 in
559 3547 704 3612 maximis
729 3548 844 3612 nostris
870 3549 1126 3633 gravissimisque
1156 3550 1240 3615 curis
1267 3546 1403 3614 iucunda

80 3665 154 3711 sane
175 3644 248 3718 luit,
271 3665 342 3710 cum
363 3645 485 3708 ineam
506 3662 608 3727 nuper
629 3662 669 3705 ex
690 3659 836 3705 sermono
857 3640 993 3726 quodam
1015 3641 1244 3708 incidissemus.
1410 3665 1439 3708 as

163 3740 217 3804 lll.
244 3742 293 3804 10.
328 3741 406 3802 Nam
433 3757 504 3801 cum
532 3733 756 3800 inambularem
783 3739 815 3800 in
843 3743 936 3824 xysto
957 3745 990 3800 et
1015 3758 1117 3801 essem
1147 3737 1267 3802 otiosus
1295 3735 1400 3813 domi,

79 3837 203 3900 blarcus
226 3836 265 3899 ad
287 3853 338 3898 me
359 3835 492 3905 Brutus,
523 3839 558 3897 ut
578 3838 801 3905 consueverat,
829 3848 900 3895 cum
922 3832 959 3895 T.
977 3829 1154 3915 Pomponio
1175 3840 1322 3908 venerat,
1346 3834 1404 3897 bo·

81 3927 271 3992 minearum
294 3927 376 3992 inter
397 3947 431 3990 se
453 3925 609 3990 coniuncti
631 3932 697 3987 tum
720 3925 796 3988 mibi
818 3924 861 4004 ita
872 3926 936 3988 cari
958 3922 1062 4010 itaque
1077 3924 1220 4000 iucundi,
1243 3934 1277 3992 ut
1291 3947 1402 3993 eorum

80 4020 227 4107 adspectu
261 4021 384 4096 omnis,
422 4041 503 4105 quae
535 4039 589 4083 me
622 4014 758 4102 angebat
789 4021 828 4083 de
861 4040 895 4084 re
927 4016 1069 4105 publica,
1106 4042 1182 4085 cura
1212 4022 1400 4089 consederit.

80 4115 168 4192 Quos
190 4123 353 4201 postquam
379 4113 527 4189 salutavi,
565 4111 647 4190 Quid
679 4132 753 4189 vos,
790 4111 931 4197 inquam,
967 4116 1063 4179 Brute
1085 4124 1117 4180 et
1138 4115 1259 4191 Attice,
1297 4118 1441 4180 nunctis

79 4207 155 4294 quid
176 4210 300 4273 tandem
323 4208 418 4274 novit
454 4207 537 4273 Nihil
558 4228 647 4282 saue,
676 4204 779 4294 inquit
798 4210 932 4285 Brutus,
962 4206 1047 4293 quod
1069 4208 1195 4294 quidem
1217 4219 1271 4274 aut
1291 4218 1324 4272 tu
1346 4228 1403 4272 au·

80 4301 148 4366 dire
178 4304 257 4366 velis
286 4312 340 4368 aut
367 4323 426 4387 ego
455 4323 514 4388 pro
542 4311 629 4367 certo
654 4300 759 4366 dicere
780 4300 925 4368 audeam.
972 4305 1023 4367 11.
1061 4305 1140 4369 Tum
1163 4302 1301 4378 Atticus,
1332 4305 1399 4380 Eo,

148 4512 192 4563 tt.
211 4513 280 4563 bunc
298 4518 346 4563 cot
361 4520 470 4574 praeter
488 4513 601 4563 lambe
629 4513 699 4562 boae
726 4517 812 4563 cutm
838 4517 862 4563 et
887 4520 995 4576 praem
1014 4512 1098 4564 Codd.
1128 4512 1201 4576 lteqtt
1220 4512 1331 4572 Abel),
1358 4513 1401 4572 R,

79 4582 175 4642 Peter,
196 4584 263 4633 bunc
282 4591 371 4633 cutem
385 4590 494 4647 praeter
511 4585 594 4634 Aldus
613 4596 695 4645 nepos
714 4590 741 4633 et
761 4583 792 4632 Ε.
811 4579 900 4646 (Quod
920 4584 1025 4634 Ellendt
1044 4585 1125 4635 dtcltr
1153 4585 1238 4633 uaeas
1256 4592 1281 4634 et
1295 4591 1403 4646 prmrar

80 4662 177 4705 ceteros
203 4653 261 4704 ltbrl
288 4667 411 4704 omues-r
441 4667 516 4705 error
534 4653 658 4716 ridetur.)
685 4677 712 4689 -
743 4653 785 4702 tr.
816 4655 900 4704 entmt
927 4655 1061 4706 Marullus
1080 4661 1107 4705 et
1125 4667 1194 4705 corr.
1213 4653 1261 4718 ις.
1281 4653 1308 4705 0.
1346 4653 1400 4706 Ctr.

79 4725 155 4775 litata
174 4725 207 4774 sd
226 4724 335 4774 Tuscul.
356 4725 382 4782 1,
402 4725 446 4782 to,
466 4725 509 4775 00.
530 4722 629 4790 (uapor
649 4725 733 4773 enimi
750 4729 821 4774 certe
841 4730 881 4777 est
899 4726 925 4775 Ιιι
945 4723 1011 4774 Cod.
1031 4725 1116 4775 Vatis.
1137 4725 1242 4776 Verrln.
1262 4738 1286 4776 v·
1305 4725 1401 4786 Zumpt

80 4807 107 4856 p.
128 4794 220 4852 1030.)
241 4820 270 4832 -
302 4795 346 4846 03.
367 4795 465 4857 ancre}
484 4802 583 4846 terrem
601 4795 659 4845 ttbrt
683 4796 798 4854 (praeter
816 4793 910 4846 breed.
930 4794 1001 4856 apud
1019 4794 1155 4852 Peterem)
1172 4802 1199 4846 et
1217 4795 1251 4846 n.
1272 4794 1404 4848 limanda·

81 4873 135 4916 ιιιιιι
155 4871 227 4916 esta
247 4865 354 4919 Vtctore
372 4865 487 4926 Pisano,
518 4872 548 4918 ut
565 4868 603 4917 att
620 4864 794 4930 syrannum,
822 4872 850 4918 ct
867 4867 895 4917 to
912 4864 1019 4917 Aldina.
1039 4889 1072 4906 -
1101 4863 1146 4917 01.
1175 4866 1199 4918 et
1225 4865 1273 4931 ις.
1299 4864 1327 4919 8.
1354 4866 1401 4918 ot.

79 4937 197 5002 altique:
221 4936 291 4989 uu.
