3232 5392
169 236 232 301 336
691 234 744 299 DE
766 235 952 300 ORATORE

168 416 254 473 mus,
281 404 317 463 ut
336 395 428 471 illud,
458 391 579 458 etiamsi
602 396 650 456 est
670 392 887 470 verissimum,
913 392 1043 459 tacitum
1066 399 1169 459 tamm
1190 400 1350 478 tamquam
1371 399 1487 478 myste-

167 492 250 556 rium
272 496 412 578 teneant,
445 487 530 574 quod
558 492 674 569 negant
693 486 812 551 versari
834 486 865 551 in
887 487 1070 574 republica
1092 507 1161 552 esse
1183 486 1343 574 sapientis.
1388 490 1486 560 Nam,

167 584 194 650 si
214 589 275 650 hoc
295 583 387 648 nobis
408 588 500 666 atque
523 581 642 666 optimo
665 578 777 665 cuique
798 581 1031 666 persuaserint,
1060 602 1124 647 non
1145 589 1293 668 poterunt
1313 581 1374 669 ipsi
1396 601 1500 657 esse„

167 677 199 744 id
221 681 306 763 quod
328 678 461 742 maxime
483 673 627 760 cupiunt,
655 673 759 739 otiosi.
802 677 915 739 XVIII.
952 679 1004 741 65.
1030 677 1151 742 Stoicos
1174 685 1295 752 autem,
1326 697 1406 764 quos
1428 675 1488 740 mi·

144 774 250 839 anime
271 774 433 854 improbo,
469 768 591 835 dimitto
612 775 715 833 tamen
737 789 797 833 nec
819 788 874 833 eos
896 771 993 835 iratos
1015 791 1148 847 vereor,
1185 771 1335 858 quoniam
1358 769 1485 835 omnino

166 869 258 934 irasci
287 866 447 943 nesciunt;
485 871 578 948 atquc
607 865 687 928 banc
716 861 754 927 iis
776 863 880 929 habeo
902 868 1053 949 gratiam,
1088 868 1174 950 quod
1195 867 1256 929 soli
1277 885 1317 930 ex
1340 863 1486 928 omnibus

166 964 375 1051 eloquentiam
396 962 543 1026 virtutem
566 979 602 1023 ac
624 956 806 1042 sapientiam
829 978 898 1023 esse
920 958 1079 1025 dixerunt.
1125 959 1187 1025 Sed
1208 961 1415 1046 †utrumquc
1438 966 1486 1022 ast

165 1063 197 1125 iu
219 1057 284 1135 bis,
310 1054 396 1143 quod
416 1058 456 1120 ab
477 1057 553 1130 boo,
588 1072 682 1140 quem
702 1054 903 1129 instruimus,
936 1063 1063 1120 oratore
1087 1054 1176 1119 valde
1199 1053 1381 1130 abhorreat;
1418 1054 1486 1124 vel,

165 1151 252 1240 quod
273 1172 399 1228 omnes,
429 1150 483 1236 qui
505 1149 660 1235 sapientes
682 1166 745 1212 non
767 1149 845 1224 sint,
869 1168 993 1226 servos,
1024 1151 1179 1226 latrones,
1208 1151 1330 1225 hostes,
1360 1146 1487 1211 insanos

127 1267 233 1313 ecesse
255 1245 377 1323 dicunt,
411 1264 513 1331 neque
536 1250 640 1308 umen
663 1263 850 1328 quemquam
873 1264 943 1308 esse
965 1243 1149 1328 sapientem.
1191 1244 1290 1312 Valde
1313 1248 1418 1307 autem
1440 1247 1489 1306 est

164 1343 335 1407 absurdum
363 1339 393 1403 ei
420 1339 600 1403 contionem
626 1343 681 1400 aut
710 1347 850 1402 senatum
872 1347 926 1403 aut
946 1338 1045 1404 ullum
1068 1348 1193 1405 coetum
1215 1338 1378 1403 hominum
1401 1356 1488 1400 com·

164 1439 304 1510 mittere,
333 1432 385 1499 coi
406 1452 499 1497 nemo
522 1430 667 1506 illorum,
696 1432 749 1516 qui
772 1433 886 1506 adsint,
915 1453 1024 1506 sanus,
1058 1454 1151 1498 nemo
1175 1431 1267 1506 civis,
1290 1452 1384 1497 nemo
1407 1430 1489 1495 liber

164 1552 234 1596 esse
255 1528 409 1595 videatur.
454 1530 506 1593 66.
540 1525 669 1591 Accedit
696 1528 782 1613 quod
804 1525 957 1592 orationis
980 1530 1073 1592 etiam
1095 1549 1192 1613 genus
1213 1524 1332 1592 habent
1353 1524 1488 1591 fortasse

163 1623 278 1689 subtile
300 1631 332 1689 et
353 1631 437 1688 certo
459 1629 603 1699 acutum;
632 1618 708 1697 scd,
732 1627 767 1685 ut
789 1621 821 1685 in
843 1629 988 1698 oratore,
1017 1621 1119 1698 exile,
1142 1621 1342 1697 inusitatum,
1373 1618 1489 1685 abbor-

125 1739 235 1784 rsrens
257 1715 296 1782 ab
318 1717 448 1783 auribus
469 1715 570 1801 vulgi,
592 1717 780 1789 obscurum,
803 1718 913 1792 inane,
935 1718 1093 1794 ieiunum,
1117 1716 1140 1798 ³5
1162 1723 1297 1781 attamen
1320 1714 1487 1789 eiusmodi,

164 1835 226 1902 quo
247 1815 294 1878 uti
315 1815 354 1877 ad
375 1813 488 1897 vulgus
510 1810 596 1875 nullo
620 1808 715 1875 modo
728 1811 845 1895 possit.
889 1811 957 1876 Alia
979 1811 1062 1876 enim
1085 1819 1117 1876 et
1137 1813 1220 1876 bona
1235 1818 1266 1875 et
1281 1809 1363 1875 mala
1378 1807 1489 1874 videu-

163 1919 215 1975 tur
237 1906 348 1973 Stoicis
370 1912 403 1970 et
423 1906 535 1970 ceteris
558 1904 680 1968 civibus
701 1902 752 1968 vel
773 1903 879 1989 potius
900 1908 1062 1989 gentibus3
1086 1905 1145 1971 alia
1167 1907 1215 1970 vis
1229 1903 1374 1981 honoris,
1399 1903 1488 1987 igno-

162 2002 293 2079 miniae,
316 2002 461 2086 praemii,
485 1998 643 2086 supplicii;
679 2018 753 2063 vere
775 2019 814 2062 an
836 2020 926 2064 secus
948 2002 1027 2064 nihil
1049 1998 1088 2064 ad
1110 2002 1171 2065 boc
1195 2007 1336 2087 tempus3
1372 2000 1427 2063 sed
1450 2017 1488 2062 ea

163 2099 190 2163 si
212 2119 394 2183 sequamur,
427 2094 542 2160 nullam
564 2113 701 2178 unquam
721 2112 789 2157 rem
812 2091 944 2158 dicendo
968 2093 1118 2179 expedire
1140 2093 1306 2180 possimus.
1349 2095 1402 2158 67.
1426 2093 1488 2155 Re·

125 2214 154 2255 ao
163 2191 242 2280 liqui
262 2199 333 2257 sunt
353 2188 553 2272 Peripatetici
580 2195 611 2252 et
636 2185 832 2265 Academici3
870 2209 1058 2276 quamquam
1086 2191 1344 2256 Academicorum
1372 2206 1488 2252 nomen

164 2296 212 2353 cst
232 2307 346 2360 unum,
369 2283 539 2349 sententiae
561 2280 653 2347 duae.
697 2284 776 2345 Nam
799 2282 1008 2370 Speusippus,
1030 2287 1167 2352 Platonis
1189 2286 1308 2349 sororis
1330 2280 1432 2358 filius,
1457 2288 1489 2345 ct

161 2384 372 2454 Xenocrates,
396 2379 449 2463 qui
472 2375 634 2441 Platonem
656 2374 798 2442 audierat
812 2387 844 2443 et
866 2380 920 2466 qui
935 2381 1163 2456 Xenocratem,
1186 2379 1315 2445 Polemo
1340 2385 1371 2443 et
1393 2378 1488 2441 Cran-

162 2482 215 2540 tor
235 2473 312 2538 nibil
333 2475 372 2538 ab
395 2470 577 2548 Aristotele,
600 2469 654 2555 qui
675 2491 737 2535 una
759 2471 899 2538 audierat
920 2473 1096 2550 Platonem,
1119 2496 1233 2559 magno
1255 2495 1353 2558 opera
1369 2472 1488 2538 dissen-

163 2570 216 2647 sit;
254 2568 346 2655 copia
376 2565 509 2631 fortasse
536 2573 568 2630 et
594 2564 759 2630 varietate
776 2564 900 2632 dicendi
933 2588 1024 2654 pares
1056 2591 1120 2635 non
1151 2568 1288 2634 suerunt.
1332 2566 1488 2634 Arcesilas

125 2691 153 2734 ς,
162 2664 314 2749 primum,
337 2662 392 2748 qui
412 2662 616 2726 Polemonem
638 2658 794 2736 audierat,
825 2682 866 2726 ex
887 2662 984 2728 variis
1005 2665 1143 2730 Platonis
1164 2662 1253 2730 libris
1274 2664 1489 2730 sermonibus-

164 2777 226 2843 que
249 2755 414 2821 Socraticis
435 2757 496 2819 boc
518 2755 655 2820 maxime
677 2757 823 2842 arripuit,
853 2754 930 2822 nihil
953 2779 1022 2825 esse
1045 2761 1139 2833 certi,
1162 2758 1247 2846 quod
1270 2767 1322 2826 aut
1343 2755 1487 2823 sensibus

164 2858 218 2916 aut
239 2850 344 2916 animo
365 2848 485 2936 percipi
506 2850 627 2936 possit;
659 2869 753 2934 quem
774 2848 879 2914 serunt
900 2850 1017 2918 eximio
1040 2855 1177 2937 quodam
1198 2874 1288 2919 usum
1311 2851 1419 2938 lepore
1442 2850 1488 2916 di·

165 2946 256 3009 cendi
278 2953 478 3030 aspernatum
499 2965 568 3010 esse
590 2963 683 3010 omne
705 2943 801 3008 animi
822 2964 994 3031 sensusque
1016 2944 1167 3011 iudicium
1188 2945 1386 3034 primumque
1400 2947 1488 3010 insti·

164 3040 260 3104 tuisse
284 3075 324 3087 -
359 3060 547 3125 quamquam
582 3037 616 3104 id
651 3038 710 3104 fuit
737 3040 931 3104 Socraticum
959 3038 1095 3104 maxime
1119 3076 1173 3117 —,
1208 3062 1285 3117 non,
1323 3039 1399 3127 quid
1420 3041 1488 3122 ipse

127 3135 309 3209 assentiret,
347 3137 512 3199 ostendere
545 3137 601 3199 sed
635 3141 745 3197 contra
770 3131 817 3208 id,
854 3135 940 3221 quod
966 3136 1099 3220 quisque
1127 3157 1161 3200 se
1190 3135 1306 3201 sentire
1337 3136 1486 3210 dixisset,

167 3227 338 3315 disputare.
396 3231 448 3294 68.
472 3227 554 3293 Hinc
575 3232 653 3293 haec
673 3229 833 3292 recentior
853 3227 1021 3293 Academia
1050 3229 1204 3307 manavit,
1233 3232 1350 3319 inqua
1372 3229 1490 3297 exstitit

165 3321 270 3389 divina
292 3323 425 3407 quadam
448 3321 607 3387 celeritate
628 3322 746 3406 ingenii
768 3319 955 3409 dicendique
978 3325 1069 3410 copia
1092 3327 1284 3405 Carneadem
1318 3327 1407 3391 cuius
1429 3344 1488 3409 ego

167 3416 224 3483 etsi
246 3417 361 3482 multos
383 3414 544 3481 auditores
567 3413 700 3499 cognovi
720 3415 867 3491 Athenis,
905 3423 1010 3483 mmen
1038 3427 1184 3485 auctores
1210 3417 1401 3487 certissimos
1423 3421 1490 3483 lau·

166 3509 241 3577 dare
275 3530 403 3598 possum
433 3519 466 3576 et
492 3531 640 3575 socerum
668 3530 774 3574 meum
803 3509 1002 3589 Scaevolam,
1040 3515 1095 3599 qui
1124 3535 1196 3580 eum
1223 3517 1342 3581 Romae
1372 3513 1490 3580 audivit

129 3632 157 3677 aa
167 3609 365 3684 adolescens,
389 3610 420 3670 et
442 3606 481 3683 Q.
498 3603 656 3672 Metellum
677 3605 715 3667 L.
731 3605 767 3673 F.
782 3600 969 3669 familiarem
991 3627 1114 3686 meum,
1138 3607 1345 3676 clarissimum
1367 3611 1488 3685 virum,

168 3699 221 3789 qui
242 3701 328 3767 Illum
350 3723 370 3765 a
390 3720 425 3766 se
446 3699 646 3765 adolescente
673 3695 802 3762 Athenis
829 3701 890 3763 iam
919 3698 1065 3768 allectum
1095 3711 1254 3769 senectute
1280 3702 1396 3769 multos
1423 3701 1490 3768 dies

167 3799 306 3862 auditum
328 3804 396 3861 esse
419 3792 553 3861 dicebat.
597 3794 685 3858 XIX.
709 3794 761 3857 69.
785 3794 872 3858 Haec
892 3801 997 3860 autem
1018 3804 1054 3861 ut
1075 3817 1115 3864 ex
1135 3799 1301 3885 Apennino
1315 3796 1490 3874 fluminum,

167 3889 213 3955 sic
243 3910 283 3954 ex
310 3890 469 3955 communi
501 3887 672 3975 sapientiae
702 3887 777 3972 iugo
811 3895 884 3953 sunt
909 3886 1123 3957 doctrinarum
1155 3891 1237 3959 facta
1268 3891 1421 3970 divortia,
1455 3897 1493 3957 ut

166 3982 345 4070 philosophi
367 3991 526 4071 tamquam
549 3986 582 4049 in
602 4002 751 4070 superum
766 4003 853 4048 mare
867 3982 990 4049 Ionium
1006 3984 1195 4063 defluerent,
1221 3991 1375 4054 Graecum
1392 3985 1492 4074 quod-

132 4076 241 4148 aodam
255 4086 287 4143 et
300 4084 505 4164 portuosum;
529 4085 672 4144 oratores
686 4084 790 4142 autem
806 4077 838 4142 iu
860 4075 995 4143 inferum
1016 4077 1077 4146 boc
1098 4082 1231 4148 Tuscum
1254 4089 1285 4147 et
1306 4084 1490 4158 barbarum,

168 4171 371 4255 scopulosum
392 4181 485 4261 atque
506 4171 655 4239 infestum
676 4169 873 4249 laberentur,
911 4169 945 4236 in
967 4193 1029 4260 quo
1053 4175 1146 4241 etiam
1167 4174 1236 4261 ipse
1258 4175 1366 4242 Ulixes
1389 4196 1492 4242 erras-

237 4402 263 4452 1.
283 4409 371 4454 tomen
388 4416 440 4455 om.
460 4401 492 4451 B.
512 4424 544 4437 -
570 4399 598 4452 o.
618 4399 685 4450 hooc
704 4399 737 4449 ob
755 4400 789 4450 tta
806 4400 862 4451 BR.
885 4425 913 4437 -
944 4401 1492 4469 ’1.333311311931111,1111631131·

168 4471 293 4524 Iendttus.
329 4474 434 4525 bIaItm:
454 4471 505 4522 Sed
521 4482 613 4521 aarum
630 4475 821 4535 utrumcunque
839 4478 891 4530 sat,
911 4478 948 4522 eat
967 4474 997 4522 tn
1010 4474 1060 4524 hta.
1082 4474 1134 4526 On.
1156 4500 1185 4510 -
1206 4476 1247 4526 15.
1265 4489 1297 4527 oo
1315 4483 1404 4528 tomen
1421 4475 1492 4526 31111-

168 4543 248 4594 lerus.
286 4543 382 4595 Verum
406 4546 444 4594 ste
468 4555 576 4605 quoque
600 4541 663 4592 latet
688 4543 857 4603 corruptum
885 4547 935 4592 out
957 4549 1046 4594 tomen
1064 4544 1229 4607 OIshrusen,
1257 4560 1290 4596 oc
1308 4552 1391 4597 totum
1409 4546 1492 4598 Erna-

168 4617 252 4672 sttus3
283 4627 324 4666 rr.
344 4613 637 4676 maumam-porro
660 4612 767 4662 occlusit
785 4611 941 4665 Ellendttus.
977 4614 1067 4667 btrltm
1086 4630 1148 4669 raro
1167 4628 1226 4667 cum
1245 4615 1373 4670 Lambtno
1392 4618 1419 4666 In
1437 4631 1490 4682 mg.

168 4683 246 4735 rost.
266 4685 430 4736 octoadem.
450 4683 502 4733 On.
523 4709 552 4721 -
573 4681 616 4733 16.
634 4681 737 4743 possint
754 4683 793 4744 It,
809 4684 897 4747 possis
913 4682 1058 4738 Manutius.
1080 4713 1109 4725 -
1141 4687 1185 4739 30.
1203 4695 1229 4739 ot
1247 4700 1301 4741 om.
1325 4689 1357 4739 B.
1384 4714 1418 4725 -
1445 4689 1491 4738 31.

169 4753 326 4822 Chrysippus
344 4755 377 4804 R.
406 4780 437 4792 -
469 4754 568 4805 sororio
585 4752 705 4803 Plutonis
722 4752 753 4802 n.
779 4779 809 4790 -
841 4754 884 4803 31.
903 4757 1024 4805 moncott
1041 4757 1062 4805 B
1080 4758 1198 4820 alitque:
1227 4760 1361 4809 macuta
1379 4759 1438 4809 th.
1458 4779 1493 4795 -

167 4823 212 4873 31.
230 4827 328 4887 possim
340 4825 374 4874 R.
388 4850 422 4860 -
440 4823 484 4875 38.
503 4824 650 4887 comanitae
660 4821 763 4873 Nonius
781 4836 807 4886 p.
822 4823 935 4875 33311.
957 4822 993 4888 (p.
1007 4824 1067 4875 133.
1082 4824 1237 4891 Gerlach.):
1257 4831 1417 4892 sapientium
1431 4842 1493 4882 cum

167 4894 242 4946 IIbrIs
262 4893 352 4959 (ettam
370 4894 404 4957 B)
429 4894 484 4948 aa.
511 4921 546 4933 -
574 4893 620 4946 to.
639 4895 796 4946 trirccscum
814 4890 873 4960 (stc)
896 4895 928 4947 B.
957 4918 989 4934 -
1015 4895 1060 4947 11.
1082 4896 1168 4950 ormo
1184 4898 1246 4954 bita
1271 4899 1371 4967 tityrus
1387 4901 1419 4954 II.
