3232 5392
168 203 231 271 656
705 205 760 268 DE
783 203 972 269 ORATORE

169 363 232 429 siut
252 383 272 428 a
292 383 343 428 me
365 364 542 450 proposIta,
579 363 620 427 de
640 383 703 427 uno
727 365 861 442 dictum;
900 385 971 427 cnm
1000 363 1040 427 de
1066 359 1191 427 duobus
1213 361 1343 451 reliquis
1365 365 1491 448 dixero,
1569 404 1573 415 ·

168 467 234 525 tum
258 457 318 524 erit
337 458 474 543 denique
496 455 535 520 de
558 454 756 542 disponenda
778 465 844 523 tota
866 456 1010 522 oratione
1034 460 1261 544 quaerendum.

252 554 365 618 XLIII.
396 553 465 620 186.
502 548 593 616 Valet
613 552 708 636 igitur
730 551 863 617 multum
885 550 926 618 ud
953 554 1143 619 vincendum
1169 556 1300 640 probari
1327 575 1434 626 mores
1466 568 1497 627 et

166 646 308 713 instituta
330 656 362 712 et
381 644 462 711 fucta
483 652 516 710 et
535 644 633 710 vitam
655 666 780 722 eorum,
803 645 858 734 qui
881 655 974 731 agent
995 667 1121 724 causas,
1143 656 1329 729 eteorum,
1352 671 1415 735 pro
1429 653 1497 739 qui-

145 743 245 818 sbue,
284 748 316 807 et
336 740 411 805 item
432 741 605 825 improbari
627 739 896 816 adversariorum,
929 741 1115 828 animosque
1143 761 1271 822 eorum,
1307 743 1393 831 apud
1416 765 1497 831 quos

166 845 294 921 agetur,
326 833 486 900 conciliari
516 854 609 921 quum
626 834 767 900 maxime
789 837 828 899 ad
851 834 1104 900 benevolentiam
1125 855 1198 901 cum
1220 857 1295 924 erga
1316 848 1496 916 oratorem,

166 943 233 1001 tum
255 953 329 1018 erga
351 930 458 1008 illum,
481 951 543 1014 pro
564 952 628 1020 quo
649 933 734 997 dicet
755 937 871 994 orator.
916 928 1129 995 Concdiantur
1149 937 1254 995 autom
1276 932 1373 999 animi
1395 933 1499 1019 digni·

165 1036 229 1093 tate
249 1025 403 1103 hominis,
426 1027 522 1091 robus
542 1024 658 1111 gestis,
680 1024 912 1091 existimatione
934 1022 1036 1102 vitae;
1060 1043 1140 1110 quae
1162 1024 1284 1092 facilius
1299 1028 1408 1094 ornari
1424 1049 1497 1116 pos·

165 1130 256 1198 sunt,
289 1120 316 1186 si
338 1117 434 1185 modo
455 1125 547 1196 sunt,
581 1140 676 1207 quam
697 1117 790 1205 fingi,
822 1119 850 1182 si
869 1116 956 1183 nullu
977 1125 1061 1183 suut.
1106 1117 1170 1185 Sed
1192 1121 1269 1200 baec
1291 1120 1443 1189 adiuvant
1463 1124 1497 1189 in

127 1233 157 1277 ro
166 1225 311 1282 oratore:
334 1214 445 1280 lenitas
467 1215 574 1291 vocis,
597 1213 700 1280 vultus
721 1214 852 1300 pudoris
873 1208 1077 1295 significatio,
1101 1216 1271 1280 vorborum
1294 1216 1495 1298 comitanti

165 1310 242 1399 quid
263 1327 454 1396 persequare
474 1306 590 1383 acrius,
616 1318 652 1373 ut
672 1308 788 1374 invitus
809 1315 841 1373 et
862 1314 988 1372 coactus
1009 1307 1115 1372 tacere
1130 1309 1270 1375 videare.
1299 1313 1494 1391 renitimur,

164 1402 377 1480 liberalitatis,
414 1404 679 1481 mansuetudinis,
708 1404 851 1489 pietatis,
879 1402 960 1485 grati
981 1399 1096 1479 animi,
1126 1421 1190 1468 uon
1211 1411 1406 1490 appetentis,
1430 1428 1496 1474 nou

164 1501 249 1566 avidi
269 1498 358 1584 signa
377 1499 515 1584 prolerri
537 1496 675 1582 perutile
698 1505 763 1575 est;
796 1515 898 1581 eaque
920 1493 1042 1570 omnia,
1065 1515 1146 1581 quae
1166 1495 1356 1582 proborum,
1379 1501 1496 1567 demis·

165 1616 288 1667 sorum,
310 1590 533 1669 nonacrim,
556 1610 621 1656 non
641 1590 864 1678 pertinacium.
885 1608 949 1653 nco
972 1587 1202 1673 litigiosorum,
1225 1612 1290 1656 uon
1303 1596 1493 1661 acerborum

127 1706 156 1750 ιι
165 1694 249 1764 sunt
270 1685 362 1753 valde
384 1684 635 1750 benevolentiam
656 1683 824 1750 conciliant
844 1682 1083 1768 abalienantque
1101 1681 1141 1747 ab
1157 1683 1214 1761 iis,
1237 1684 1270 1751 in
1286 1689 1401 1774 quibus
1416 1687 1492 1756 bueo

164 1804 227 1851 non
249 1788 333 1847 sunt
377 1781 488 1864 Itaque
520 1782 631 1844 eadem
659 1777 793 1844 suntin
820 1775 1017 1843 adversarios
1045 1798 1086 1841 ex
1106 1780 1265 1845 contrario
1287 1781 1491 1851 conterende.

167 1879 236 1944 166,
271 1878 332 1941 Sed
361 1891 461 1958 genus
494 1872 554 1939 boo
582 1880 682 1940 totum
713 1874 865 1939 orationis
892 1873 925 1935 iu
953 1869 992 1935 iis
1013 1870 1115 1936 causis
1137 1873 1282 1953 excellit,
1319 1878 1353 1942 iu
1376 1878 1491 1990 quibus

164 1973 267 2038 minus
296 1975 402 2055 potest
429 1965 614 2032 inllammari
639 1967 762 2033 animus
784 1962 896 2033 iudicis
917 1965 982 2030 acri
1005 1972 1037 2030 et
1056 1965 1234 2037 vehementi
1257 1970 1423 2058 quadam
1413 1972 1492 2038 nnci-

163 2068 293 2133 tatioue.
334 2066 404 2127 Non
434 2063 518 2126 enim
549 2081 676 2145 semper
702 2062 793 2127 tortis
822 2062 923 2127 oratio
953 2059 1114 2143 quaeritur
1141 2065 1198 2127 sed
1226 2083 1320 2150 saepe
1348 2064 1490 2148 placida,

126 2157 347 2232 rosummissa,
379 2155 478 2233 lenis,
511 2176 591 2262 quae
619 2157 755 2222 maxime
782 2149 983 2220 commendat
1003 2173 1087 2219 reos.
1131 2158 1214 2222 Reos
1236 2167 1341 2224 autem
1363 2159 1490 2246 appello

164 2275 229 2321 non
250 2272 306 2317 eos
327 2249 439 2324 modo,
473 2247 527 2336 qui
548 2259 738 2336 arguuntur,
768 2253 823 2314 sed
846 2268 975 2324 omnes,
1004 2267 1139 2335 quorum
1162 2252 1203 2315 de
1224 2272 1259 2316 re
1280 2254 1490 2341 disceptatur,

163 2350 209 2414 sic
230 2345 313 2412 enim
335 2342 411 2410 olim
433 2343 654 2428 loquebantur.
700 2346 771 2409 166.
805 2345 928 2409 Ηοιιιιιι
961 2341 1059 2426 igitur
1087 2345 1266 2430 exprimere
1291 2368 1398 2415 mores
1420 2369 1492 2417 ora-

162 2443 249 2508 tione
270 2438 384 2517 iustos,
407 2439 563 2520 integros,
586 2435 766 2521 religiosos,
790 2437 934 2512 timidos,
958 2437 1154 2522 perferentes
1174 2440 1360 2509 iniuriarum
1375 2446 1491 2510 mirum

162 2534 312 2622 quiddam
333 2531 433 2610 velet3
463 2538 495 2595 et
516 2531 577 2595 boc
598 2529 649 2596 vel
672 2529 706 2596 in
727 2530 888 2618 principiis
910 2529 958 2595 vel
980 2530 1012 2595 in
1035 2552 1070 2596 re
1091 2534 1248 2600 narranda
1268 2535 1320 2601 vel
1340 2535 1375 2601 in
1395 2556 1491 2623 pero-

124 2631 262 2694 rsrando
292 2634 410 2692 tantam
438 2626 535 2689 habet
561 2623 643 2701 vim,
681 2623 708 2688 si
737 2632 785 2690 est
815 2623 953 2690 suaviter
974 2633 1006 2690 et
1027 2648 1099 2690 cum
1120 2647 1215 2696 sensu
1237 2637 1419 2705 tractatum,
1455 2638 1491 2698 ut

162 2743 256 2810 saepe
285 2720 354 2807 plus
381 2741 476 2805 quam
505 2739 599 2785 causa
626 2717 738 2784 valeat.
783 2723 916 2784 'lantum
945 2727 1048 2785 autem
1078 2718 1215 2787 efficitur
1236 2744 1329 2789 sensu
1352 2728 1491 2810 quodam

163 2837 199 2882 ac
221 2815 344 2882 rationo
366 2815 508 2888 dicendi,
530 2823 566 2879 ut
586 2812 675 2899 quasi
695 2833 802 2879 mores
819 2813 955 2879 oratoris
970 2812 1096 2899 effingat
1110 2818 1223 2883 oratio.
1267 2821 1390 2884 Genere
1406 2820 1490 2884 enim

162 2912 300 2997 quodam
322 2909 546 2974 sententiarum
568 2912 600 2972 et
620 2927 737 2990 genere
759 2911 947 2984 verborum,
984 2905 1122 2973 adbibita
1141 2911 1245 2996 *etiam
1272 2911 1397 2977 actione
1427 2912 1490 2976 leni

163 3004 409 3091 facilitatemque
431 2999 614 3087 significanti
636 2999 788 3079 efficitur,
823 3010 859 3066 ut
888 3000 998 3087 probi,
1030 3009 1065 3067 ut
1085 3006 1168 3069 bene
1189 3005 1322 3082 morati,
1357 3007 1489 3071 utboni

124 3101 222 3167 aoviri
244 3118 315 3165 esse
335 3098 513 3164 videantur.
558 3098 666 3162 XLIV.
701 3101 773 3163 185.
807 3096 889 3163 Huic
918 3105 1022 3162 autem
1052 3103 1100 3162 est
1127 3097 1181 3162 illa
1209 3096 1316 3184 dispar
1341 3098 1487 3165 adiuncta

160 3195 242 3260 ratio
266 3191 436 3269 orationis,
459 3213 540 3279 quae
563 3194 625 3258 alio
647 3191 784 3279 quodam
806 3211 922 3275 genere
944 3198 1065 3257 montes
1086 3190 1224 3257 iudicum
1247 3201 1414 3276 permovet
1431 3195 1489 3259 im·

161 3287 329 3375 pellitque,
351 3295 387 3353 ut
407 3293 461 3352 aut
483 3288 608 3351 oderint
629 3294 683 3353 aut
704 3288 837 3370 diligant
858 3293 913 3350 aut
932 3283 1094 3350 invideant
1115 3295 1169 3351 aut
1186 3289 1307 3352 salvum
1322 3285 1421 3352 velint
1434 3297 1488 3353 aut

161 3391 301 3449 metuunt
327 3390 381 3448 aut
408 3389 537 3467 sperent
559 3388 613 3447 uut
634 3380 763 3467 cupiant
783 3387 838 3445 aut
858 3377 1052 3444 abhorreant
1072 3389 1126 3445 aut
1146 3381 1303 3446 laetentur
1325 3388 1379 3445 aut
1399 3402 1485 3446 mae·

160 3483 251 3544 ruant
281 3483 334 3541 aut
364 3478 571 3542 misereantur
599 3484 652 3541 aut
679 3477 792 3585 punire
813 3473 912 3541 velint
932 3481 987 3538 aut
1008 3471 1048 3538 ad
1069 3493 1125 3538 eos
1146 3483 1251 3539 motus
1274 3472 1484 3552 deducantur,

125 3574 186 3638 essi
209 3572 263 3659 qui
291 3569 414 3636 finitimi
441 3577 513 3637 sunt
540 3577 571 3635 et
597 3569 764 3659 propinqui
794 3569 842 3634 bis
875 3588 910 3634 ac
943 3568 1057 3632 talibus
1089 3563 1184 3634 animi
1218 3571 1482 3655 permotionibus.

163 3668 234 3732 186.
256 3668 358 3752 Atque
380 3664 457 3730 illud
478 3668 665 3775 optandum
676 3671 723 3729 est
754 3665 891 3740 oratori,
927 3671 963 3728 ut
990 3662 1128 3748 aliquam
1159 3664 1391 3751 permotionem
1420 3666 1486 3732 aui-

161 3780 286 3827 morum
307 3781 365 3825 sua
385 3762 526 3846 sponte
516 3758 577 3846 ipsi
600 3748 733 3823 affe‘rant
752 3762 793 3824 ad
815 3778 941 3824 causam
962 3757 1082 3823 iudices
1104 3761 1144 3823 ad
1170 3759 1220 3834 id,
1254 3762 1339 3846 quod
1368 3758 1486 3826 utilitas

161 3854 295 3923 oratoris
316 3855 413 3929 ieret,
443 3858 719 3919 accommodatam.
764 3851 898 3917 Facilius
921 3860 969 3917 est
990 3854 1075 3917 enim
1098 3860 1299 3930 currentem,
1322 3861 1357 3919 ut
1378 3853 1484 3930 aiunt,

232 4018 258 4068 1.
276 4016 365 4078 postte
383 4012 416 4065 A.
439 4039 466 4052 -
489 4026 549 4064 cum
567 4009 608 4076 de]
629 4014 699 4075 quod
716 4014 748 4063 de
765 4011 798 4063 A.
820 4039 849 4051 -
870 4012 896 4062 ³.
917 4013 1056 4065 dteeedum
1073 4011 1132 4064 All.
1153 4035 1185 4047 -
1203 4020 1229 4064 et
1245 4015 1371 4067 tmtduto
1390 4014 1409 4064 6
1428 4014 1485 4066 allt-

162 4101 232 4152 que,
251 4086 295 4137 lt.
314 4082 611 4147 6616616666.-
631 4083 659 4135 6.
679 4090 703 4135 et
719 4083 794 4145 {ceto
812 4089 837 4133 st
853 4086 936 4135 ottcm
955 4098 1007 4136 om.
1027 4085 1083 4144 AB,
1102 4085 1179 4134 Voss.
1199 4085 1231 4134 ln
1250 4098 1301 4148 mg.
1321 4089 1396 4149 pouit
1408 4085 1484 4138 Letd.

161 4159 240 4209 -5.
261 4154 375 4220 etitem]
394 4155 599 4206 ettcmAlla-
618 4153 644 4204 6.
666 4155 845 4218 opeturAlt.
866 4154 1085 4219 optturlllla-
1116 4151 1186 4216 cum]
1206 4156 1364 4206 romu.-
1394 4156 1486 4206 sto·

161 4229 252 4291 mintrl
271 4230 355 4278 omnis
372 4226 479 4277 AB.-
499 4226 577 4275 rebus
595 4222 685 4288 pertis]
703 4225 819 4275 robustis
836 4223 943 4276 Ali.-
962 4225 989 4276 6.
1009 4225 1221 4276 adiuveru-
1252 4226 1297 4277 16.
1315 4226 1418 4297 uultur,
1435 4240 1486 4290 pu·

163 4299 285 4350 dortslt.
306 4295 371 4362 (Cir.
391 4292 505 4358 tulrass.
525 4292 598 4358 666.)
617 4296 707 4347 cultus
721 4297 824 4357 pudor
844 4290 1486 4362 dolortreoutecttllrnovr-11.prrrequers

161 4370 246 4420 B.-
265 4368 308 4418 16.
325 4364 447 4431 proferre
464 4365 600 4416 Auu-
618 4368 661 4416 15.
681 4369 841 4417 concinnunt
858 4368 965 4417 Au.-
992 4367 1058 4417 boee
1074 4372 1137 4416 runt
1155 4366 1288 4417 Auu.-
1315 4366 1359 4417 tr.
1380 4369 1486 4420 secedit

161 4440 208 4489 AB
226 4440 344 4501 alttquc.
364 4438 470 4489 excellet
488 4437 590 4487 161.-
609 4436 654 4487 66.
672 4440 778 4486 rummtr
796 4437 935 4489 ottentrA.
950 4463 983 4475 -
1001 4439 1203 4489 commendator.
1222 4450 1281 4490 reor
1299 4439 1483 4490 cutem.-

161 4509 206 4560 66.
225 4508 386 4574 perferendis
403 4508 509 4558 AB.-
538 4506 582 4558 66.
607 4513 632 4557 et
649 4507 690 4556 oet
708 4506 856 4557 tiocli.—
882 4510 1035 4571 perorando
1058 4508 1080 4557 Β
1106 4508 1222 4573 altique.
1249 4509 1403 4570 perorando
1419 4510 1485 4569 tet)

161 4580 273 4630 uu.-
302 4579 346 4629 67.
366 4578 408 4641 orl
427 4577 553 4628 etlt.-
584 4576 628 4627 66.
647 4576 828 4641 soettttotsque
846 4577 1123 4644 rtqntttrundtlln-
1151 4587 1176 4631 rt
1196 4579 1358 4630 tonr'lt.-
1390 4577 1435 4629 66.
1455 4585 1486 4631 ut

162 4650 266 4702 oderint
283 4649 389 4702 AB.-
409 4648 453 4700 66.
471 4651 598 4710 spernunt
616 4648 722 4699 AB.-
743 4654 792 4698 out
809 4654 838 4698 ut
856 4650 1066 4721 euptoutlloe-
1034 4649 1128 4701 -.66
1147 4651 1309 4701 deduceretur
1326 4649 1411 4701 Codd.
1430 4649 1484 4701 ab:

162 4721 346 4780 diduceretA
376 4719 561 4782 dedurcrvtll,
593 4719 764 4771 adduceretur
782 4718 897 4770 ms.-
929 4721 973 4771 65.
992 4725 1018 4772 et
1034 4720 1066 4772 ds
1079 4722 1238 4784 proptuqutr
1256 4734 1289 4772 oc
1305 4721 1415 4771 66.·
1446 4721 1486 4772 eu

163 4805 215 4843 om.
235 4791 266 4843 A.
287 4816 320 4827 -
334 4791 542 4852 perrnotr'orttbur
559 4789 604 4842 AB
622 4789 740 4856 atltquot
755 4790 1001 4855 perturbationibus
1018 4788 1128 4843 llll·-
1158 4791 1201 4845 67.
1220 4789 1336 4856 efferum
1354 4805 1408 4843 om.
1427 4791 1483 4844 Au.

165 4861 258 4917 -68
276 4863 473 4916 accommodato
489 4861 546 4914 AB.
