3232 5392
585 230 661 293 Llll.
685 228 710 292 Ι.
755 231 788 295 C.
809 230 861 294 36.
884 231 936 294 36.
1351 229 1411 298 tlt

176 393 321 456 xxxvl.
347 392 399 454 62.
426 390 458 452 Si
480 386 614 474 quadam
636 391 669 452 iu
691 392 960 472 argumentatione
983 390 1062 453 satis
1076 395 1124 453 est
1137 389 1183 453 uti
1198 394 1412 475 propositione

96 494 127 550 et
146 505 209 550 uon
232 492 359 567 oportet
380 484 550 565 adiungere
572 488 831 568 approbationem
853 485 1076 571 propositioni,
1099 487 1232 568 quadam
1254 494 1357 551 autem
1381 487 1413 552 in

94 581 363 663 argumentatione
387 575 509 641 infirma
530 587 578 640 661
599 580 791 663 propositio,
815 582 874 643 uisi
890 579 1033 643 adiuncta
1049 580 1088 641 sit
1102 581 1300 663 approbatio,
1325 601 1414 663 sepa-

95 683 195 738 ratum
224 682 273 737 est
300 670 446 756 quiddam
469 693 488 735 a
508 672 724 754 propositione
755 675 953 759 approbatio.
999 674 1091 750 Quod
1121 672 1203 736 euim
1231 682 1264 737 et
1284 674 1413 759 adiungi

96 775 126 832 et
145 769 283 853 separari
305 772 344 832 ab
367 769 473 853 aliquo
495 775 613 852 potest,
643 770 674 831 id
696 789 760 832 uon
782 776 886 853 potest
908 771 991 832 idem
1014 788 1098 852 esse,
1126 771 1211 854 quod
1234 776 1282 832 est
1302 771 1350 845 id,
1375 768 1437 834 ads

95 863 178 947 quod
199 861 379 947 adiung'tur
401 871 433 927 61
454 883 472 926 6
494 883 556 948 666
579 873 760 947 separatur;
798 872 971 928 astantem
993 861 1146 947 quaedam
1170 867 1413 946 argumentatio,

94 957 209 1042 inqua
231 958 406 1043 propositio
428 976 492 1020 nou
514 959 633 1042 indiget
662 958 905 1044 approbatione;
943 965 974 1020 et
994 960 1164 1042 quaedam,
1199 959 1232 1021 iu
1254 979 1315 1044 qua
1338 959 1416 1026 nihil

94 1053 178 1116 valet
198 1053 266 1116 sine
289 1048 532 1137 approbatione,
564 1059 600 1114 ut
621 1054 832 1116 ostendemus.
879 1053 1025 1137 separata
1048 1061 1095 1116 est
1116 1054 1212 1136 igitur
1232 1072 1250 1114 a
1273 1053 1416 1139 proposi-

93 1144 179 1211 tione
192 1144 387 1232 approbatio.
434 1143 625 1209 Ostendetur
639 1155 743 1211 autem
758 1148 806 1223 id,
830 1148 914 1234 quod
929 1144 1060 1230 polliciti
1076 1167 1201 1221 sumus,
1225 1148 1287 1210 hoc
1301 1151 1415 1213 modo:

95 1241 182 1316 Quae
208 1240 383 1327 propositio
416 1239 449 1304 in
477 1262 512 1304 66
541 1242 692 1326 quiddam
719 1243 859 1305 continet
885 1242 1085 1325 perspicuum
1111 1242 1248 1326 616666
1271 1250 1452 1306 6666166611

94 1335 174 1398 16166
195 1354 305 1399 661666
327 1354 457 1399 necesse
479 1344 545 1410 est,
580 1337 660 1398 hauc
688 1335 768 1400 66116
799 1332 973 1421 approbare
993 1344 1025 1398 et
1047 1334 1171 1399 lirmare
1193 1334 1271 1399 nihil
1292 1336 1412 1401 attinet.
1508 1359 1512 1366 ·

93 1431 214 1493 66116
244 1438 291 1494 est
320 1428 513 1494 huiusmodi:
552 1431 604 1505 st,
639 1449 703 1515 quo
725 1432 776 1494 die
798 1430 857 1494 ista
879 1431 991 1493 caedes
1014 1432 1131 1492 1166166
1153 1428 1234 1493 sacta
1255 1438 1320 1507 est,
1355 1450 1416 1516 ego

93 1521 222 1586 Athenis
250 1544 290 1587 eo
319 1525 370 1588 die
398 1521 456 1598 lui,
490 1527 521 1588 iu
544 1527 640 1589 66666
661 1522 812 1588 iuteresse
835 1544 899 1588 nou
922 1524 1019 1608 potui.
1064 1525 1133 1587 Hoc
1156 1526 1229 1608 quia
1250 1528 1414 1611 perspicua

93 1636 204 1680 verum
234 1625 297 1693 est,
332 1618 411 1683 nihil
432 1620 543 1682 attinet
564 1618 744 1703 approbari.
791 1620 897 1696 Quare
918 1617 1034 1682 assumi
1056 1618 1158 1682 statim
1182 1623 1321 1703 oportet,
1354 1619 1414 1683 hoc
1463 1683 1468 1692 ,

95 1710 208 1775 modo:
243 1713 300 1775 Fui
323 1719 428 1777 autem
450 1714 579 1777 Athenis
602 1732 642 1776 eo
665 1711 726 1778 die.
771 1716 839 1778 1166
862 1714 887 1776 si
910 1732 973 1777 nou
995 1720 1128 1784 constat,
1163 1714 1281 1796 indiget
1302 1727 1451 1799 appro-¹⁵

94 1806 247 1883 bationis;
270 1826 332 1892 666
352 1804 496 1882 inducta,
520 1809 699 1893 complexio
723 1817 943 1894 consequetur.
988 1809 1044 1869 Est
1066 1806 1162 1889 igitur
1177 1806 1327 1893 quaedam
1344 1828 1416 1892 pro-

94 1900 230 1982 positio,
266 1920 347 1986 quae
375 1921 440 1966 uon
467 1900 587 1984 indiget
613 1906 851 1987 approbatione.
896 1904 975 1965 Nam
998 1920 1066 1965 esse
1089 1898 1215 1986 quidem
1238 1901 1413 1987 quandam,

95 2012 175 2078 quae
197 1995 353 2077 indigeat,
378 1996 452 2081 quid
475 1997 586 2059 attinet
607 2001 789 2071 ostendere,
813 1999 897 2083 quod
913 1997 1011 2060 cuivis
1025 1995 1116 2059 facile
1132 1997 1332 2081 perspicuum
1348 2001 1415 2059 estl
1516 2073 1522 2084 ι

95 2089 216 2164 Quodsi
239 2092 281 2153 ita
304 2096 369 2162 est,
394 2109 433 2151 ex
455 2086 514 2151 boc
537 2099 629 2153 etex
651 2110 705 2163 eo,
735 2092 820 2177 quod
842 2109 1125 2174 proposueramus,
1150 2091 1210 2154 hoc
1233 2090 1414 2165 coniicitur,

94 2191 273 2269 separatum
304 2202 374 2247 esse
404 2181 552 2267 quiddam
582 2203 599 2246 a
628 2186 845 2269 propositione
875 2181 1144 2269 approbationem.
1191 2182 1223 2248 Si
1249 2195 1352 2248 autem
1375 2183 1415 2247 ita
1425 2207 1454 2249 66

96 2287 155 2349 est,
190 2276 302 2341 salsum
329 2287 377 2341 est
405 2296 468 2340 uon
495 2298 565 2340 esse
586 2277 656 2363 plus
678 2299 771 2363 quam
793 2280 980 2361 tripartitam
1004 2277 1316 2361 argumentationem.
1361 2281 1414 2341 66.

96 2373 196 2438 Simili
229 2371 323 2438 modo
355 2367 452 2456 liquet
481 2372 609 2434 alteram
637 2392 763 2457 quoque
791 2375 1050 2458 approbationem
1081 2380 1254 2458 separatam
1284 2394 1353 2436 esse
1376 2374 1415 2435 ab

95 2469 320 2552 assumptione.
366 2468 398 2529 Si
421 2466 555 2550 quadam
578 2469 610 2529 in
632 2466 903 2549 argumentatione
924 2469 999 2530 satis
1021 2475 1068 2530 est
1088 2468 1134 2530 uti
1157 2468 1367 2551 assumptione
1386 2474 1419 2528 et

96 2584 158 2626 non
181 2570 309 2648 oportet
329 2560 500 2642 adiungere
522 2559 780 2645 approbationem
803 2560 1024 2644 assumptioni,
1047 2560 1180 2646 quadam
1203 2569 1304 2624 autem
1320 2559 1352 2622 in
1367 2580 1417 2622 ar-

97 2658 328 2739 gumentatione
349 2652 470 2717 infirma
493 2662 540 2717 661
562 2657 750 2740 assumptio,
780 2654 840 2719 uisi
862 2657 1005 2718 adiuncta
1028 2652 1068 2716 sit
1088 2655 1291 2735 approbatio:
1327 2672 1416 2737 sepa·
1425 2677 1453 2718 66

96 2760 197 2814 ratum
232 2748 377 2836 quiddam
411 2758 500 2812 extra
530 2752 773 2832 assumptionem
804 2756 852 2813 est
884 2748 1080 2832 approbatio.
1124 2751 1177 2810 Est
1198 2759 1300 2811 autem
1324 2768 1416 2830 argu·

97 2843 246 2908 mentatio
268 2843 437 2930 quaedam,
460 2842 491 2906 in
513 2863 575 2927 qua
590 2842 760 2928 assumptio
774 2864 837 2907 non
851 2844 970 2925 indiget
984 2842 1237 2925 approbationis;
1261 2844 1415 2925 quaedam

97 2947 217 3013 autem,
251 2940 283 3001 in
307 2959 367 3022 qua
390 2936 467 3000 nihil
489 2939 571 3000 valet
593 2940 660 3001 sinc
683 2939 926 3022 approbatione,
957 2942 992 2998 ut
1014 2933 1223 2998 ostendemus.
1268 2939 1415 3019 separata

97 3030 192 3116 igitur
213 3040 261 3096 est
282 3035 321 3096 ab
343 3030 554 3112 assumptione
576 3033 773 3115 approbatio.
818 3027 1027 3094 Ostendemus
1052 3039 1177 3102 autem,
1212 3030 1297 3112 quod
1326 3027 1417 3112 polli-

98 3129 149 3190 citi
171 3149 294 3203 sumus,
318 3125 377 3189 boc
399 3126 508 3189 modo:
532 3128 581 3192 65.
605 3129 692 3200 Quae
715 3125 912 3209 perspicuam
935 3122 1081 3186 omnibus
1099 3120 1262 3183 veritatem
1277 3122 1452 3189 contineteo

97 3223 283 3306 assumptio,
316 3221 394 3283 nihil
423 3219 542 3301 indiget
568 3218 813 3303 approbationis.
858 3220 902 3280 Ea
931 3224 978 3279 est
1000 3215 1193 3279 huiusmodi:
1235 3214 1268 3277 si
1288 3225 1416 3295 oportet

98 3315 177 3380 66116
200 3335 329 3400 sapere,
354 3316 429 3376 dare
452 3332 580 3397 operam
604 3313 819 3397 philosophiae
840 3311 998 3374 convenit.
1045 3310 1130 3371 llaec
1145 3310 1321 3393 propositio
1336 3309 1416 3373 indi-

98 3417 149 3493 get
170 3408 419 3494 approbationis;
454 3429 517 3472 uon
547 3410 630 3471 enim
659 3409 822 3492 perspicua
848 3415 1020 3488 66166666
1043 3410 1162 3466 constat
1184 3404 1266 3467 inter
1287 3424 1413 3479 omnes,

97 3512 263 3588 propterea
285 3503 369 3588 quod
392 3501 480 3565 multi
503 3502 580 3567 nihil
602 3502 750 3587 prodesse
768 3500 1012 3586 philosophiam,
1035 3499 1179 3583 plerique
1195 3500 1287 3561 etiam
1303 3497 1415 3562 obesse

98 3594 295 3659 arbitrantur.
339 3597 520 3681 assumptio
549 3598 712 3681 perspicua
740 3605 804 3671 est3
839 3603 885 3658 est
913 3593 994 3656 enim
1025 3590 1120 3655 baec:
1156 3592 1289 3677 Oportet
1309 3601 1451 3659 66161666

98 3692 179 3753 66116
201 3709 322 3775 sapere.
368 3691 436 3753 1166
458 3691 529 3774 6616
552 3691 652 3775 ipsum
675 3711 714 3752 ex
736 3709 769 3752 se
791 3689 978 3773 perspicitur
999 3696 1030 3751 et
1051 3707 1160 3751 666616
1183 3707 1251 3751 6666
1268 3686 1416 3769 intelligi·

99 3789 167 3861 tur,
190 3784 269 3846 nihil
288 3782 400 3848 attinet
420 3787 600 3868 approbari.
646 3784 751 3860 Quare
770 3783 873 3846 statim
888 3780 1102 3846 concludenda
1118 3790 1165 3845 661
1177 3780 1415 3865 argumentatio.

165 3971 193 4022 6.
214 3980 251 4023 est
267 3975 392 4038 quiddam
409 3973 429 4023 P
448 3980 562 4025 616666.
582 3973 622 4033 Τ,
642 3976 704 4023 11616
723 3979 869 4023 6616666616
889 3975 1014 4035 resttgta:
1034 3971 1162 4034 quiddam
1180 3977 1218 4020 661
1237 3973 1265 4021 11.
1281 3996 1311 4006 -
1331 3972 1357 4021 Ι1.
1377 3965 1413 4030 61]

98 4043 245 4103 666211,
272 4045 407 4095 6666111.
437 4069 468 4080 -
500 4046 541 4094 to.
570 4046 682 4095 continet
702 4045 730 4092 in
747 4058 773 4093 66
790 4043 917 4107 quiddam
936 4044 990 4092 61.
1021 4069 1046 4079 -
1081 4043 1123 4092 13.
1151 4045 1179 4091 in
1200 4043 1276 4091 caede
1295 4045 1415 4090 interesse

99 4113 183 4164 PAT:
212 4118 333 4165 interesse
359 4116 387 4164 in
412 4114 490 4164 66666
515 4113 568 4164 1111.
596 4140 625 4149 -
658 4111 733 4177 qnia]
753 4117 878 4177 quoniam
896 4114 924 4162 P.
948 4137 975 4147 -
1008 4113 1050 4162 17.
1075 4126 1127 4162 6666
1151 4114 1256 4176 quidem
1280 4112 1415 4174 quandam

100 4185 203 4235 rant:
223 4199 277 4236 6666
294 4187 428 4250 quandum
447 4186 477 4235 11.
500 4210 530 4222 -
556 4186 600 4234 21).
620 4183 667 4234 Sin
687 4184 786 4233 enar.
819 4209 852 4218 —
881 4186 925 4233 22.
953 4176 1413 4232 11661Ρ611166161166616116616.

100 4255 476 4311 11166666166661611661616
497 4259 523 4307 16
544 4256 612 4306 1166.
633 4263 695 4306 6611.
716 4257 825 4316 6116661.
846 4281 872 4292 ·-
895 4253 1037 4304 2666166
1054 4256 1256 4314 assumptionem
1274 4259 1310 4300 611
1331 4249 1413 4299 11111

100 4335 226 4378 66166166
239 4329 441 4390 assumptionem
455 4327 511 4378 1111.
525 4351 557 4363 -
570 4328 613 4377 29.
628 4327 758 4388 igiturest
769 4325 836 4374 Par
847 4338 854 4373 1
875 4333 911 4375 661
924 4327 1006 4390 igitur
1019 4325 1075 4373 RE.
1092 4348 1121 4359 -
1142 4339 1159 4371 a
1169 4324 1346 4384 propositione
1358 4321 1414 4371 AT.

102 4423 130 4436 -
152 4398 199 4448 Vr.
221 4398 386 4448 Ostendemus
403 4422 414 4434 ·
432 4422 443 4433 ·
461 4399 607 4448 huiusmodi
626 4402 751 4457 espunstt
769 4397 829 4446 Scb.
850 4421 883 4429 -
903 4394 1067 4444 Ostendimus
1084 4393 1160 4443 PaT.
1176 4418 1205 4428 -
1225 4399 1311 4442 autem
1324 4390 1416 4441 enar

100 4475 236 4530 161611666
255 4474 330 4529 6611,
349 4469 387 4519 La
406 4469 539 4519 autemid
559 4469 588 4518 11.
610 4493 639 4504 -
660 4467 702 4517 31.
723 4472 825 4529 oportet
841 4465 905 4514 66116
923 4478 1014 4526 sapere
1032 4465 1099 4514 ΡΑΤ
1110 4500 1117 4524 ,
1138 4465 1175 4512 h:
1205 4467 1307 4523 oportet
1326 4473 1417 4523 sapere

101 4536 163 4603 (our.
182 4538 256 4602 66116)
275 4540 330 4589 llil.
352 4564 381 4574 -
411 4539 454 4588 35.
475 4541 692 4602 perspicacem:
722 4545 756 4586 661
776 4539 843 4587 enim
862 4533 1329 4596 66666666.6116066666666111
1357 4545 1418 4592 per-

99 4613 245 4674 6616116661
264 4614 331 4660 enim
348 4608 500 4670 11666211,
520 4615 556 4659 661
572 4610 721 4672 perspicua.
756 4608 802 4656 Est
820 4609 888 4656 enim
905 4607 968 4656 haec
986 4606 1026 4662 11,
1045 4606 1182 4667 perspicua
1199 4609 1233 4652 661
1252 4603 1314 4651 naec
1332 4602 1365 4652 E.
1385 4625 1416 4638 -

100 4689 189 4732 autem
205 4681 269 4731 66116
287 4694 377 4745 supere
395 4680 476 4730 Phi:
496 4685 583 4730 autem
600 4691 691 4739 sapere
709 4683 771 4731 tom.
790 4679 864 4739 nette)
882 4676 939 4725 1111.
961 4676 1058 4738 (antem
1076 4682 1136 4726 ente
1155 4686 1179 4722 6.
1200 4672 1264 4720 66116
1283 4673 1334 4722 661.
1355 4685 1417 4722 ceu·

100 4752 175 4804 661611
192 4751 280 4812 Oud.,
300 4753 347 4803 sed
367 4751 509 4814 respondet
527 4764 568 4800 66.
590 4748 617 4798 Si
637 4754 739 4810 oportet
756 4749 821 4797 66116
840 4760 938 4808 sapere.
961 4743 1025 4810 On.)
1055 4771 1083 4782 -
1113 4743 1156 4794 36.
1177 4740 1235 4791 1166
1255 4745 1317 4807 quia
1336 4741 1414 4792 Pa'l’:

100 4821 266 4874 1166661661
283 4825 348 4887 quin
366 4823 422 4872 1111.
443 4844 475 4859 ··
498 4819 724 4879 666611661166,
744 4817 782 4881 1.,
811 4818 890 4868 Sena
919 4829 953 4868 66
976 4832 1004 4869 66
1028 4816 1049 4867 11
1074 4827 1132 4866 6661
1150 4813 1241 4864 PART
1269 4816 1417 4878 eeterteque

101 4897 181 4947 66116.
217 4893 270 4944 666
291 4893 339 4944 616.
358 4891 387 4957 Q.
405 4893 450 4945 76.

157 4993 229 5037 mee·
243 4992 268 5036 1.
283 4991 300 5038 t
1048 4982 1069 5046 8
