3232 5392
421 1035 494 1117 m.
520 1028 757 1117 uuum
789 996 1145 1116 orcumoiurs

748 1254 803 1320 Au

534 1453 1015 1540 murmurum

348 1678 409 1792 θ
496 1681 571 1792 R
658 1684 723 1796 A
811 1683 873 1792 Τ
962 1678 1024 1792 θ
1112 1676 1208 1790 R·

661 1995 899 2012 ψ

115 2263 142 2330 Ι.
169 2267 197 2329 1.
227 2240 353 2333 Utrum
374 2259 533 2328 difficilius
555 2271 610 2328 ent
630 2263 732 2328 mnius
754 2268 838 2329 esset
856 2279 975 2348 negare
996 2256 1054 2327 tihi
1069 2257 1195 2346 saepius
1208 2256 1293 2325 idem
1306 2249 1439 2345 roganti,

115 2378 157 2424 nn
179 2357 303 2425 ellieere
325 2358 374 2435 id,
398 2358 484 2444 quod
499 2375 646 2441 rogares,
670 2358 724 2421 diu
744 2357 958 2443 multumque,
979 2359 1095 2433 Brute,
1118 2352 1270 2420 dubitavi.
1314 2356 1393 2420 Nam
1408 2361 1441 2420 et

115 2474 232 2538 negare
253 2455 300 2532 ei,
338 2471 432 2538 quem
453 2452 546 2517 unice
568 2449 732 2535 diligerem
754 2452 869 2535 cuique
890 2472 942 2518 me
964 2452 1161 2517 durissimum
1182 2468 1250 2515 esse
1272 2450 1438 2524 sentirem,

114 2548 300 2633 praesertim
320 2556 353 2613 et
373 2545 455 2612 insta
475 2543 594 2630 petenti
615 2552 648 2609 et
668 2543 829 2631 praeclare
851 2545 1005 2629 cupienti,
1034 2547 1150 2610 dorum
1171 2541 1340 2608 admodum
1362 2542 1440 2609 mihi

115 2643 298 2722 videbatur;
322 2648 354 2708 et
374 2641 533 2727 suscipere
555 2647 674 2703 tantm
694 2660 780 2716 rem,
804 2647 950 2726 quantem
972 2660 1037 2706 non
1057 2640 1154 2702 modo
1167 2635 1315 2703 facultate
1330 2656 1462 2707 conse-r

115 2740 169 2824 qui
191 2735 317 2803 difficile
339 2743 439 2813 esset,
471 2732 645 2800 sedetiam
667 2736 858 2818 cogitatione
878 2734 1063 2819 complecti,
1098 2734 1153 2798 rix
1174 2730 1349 2798 arbitrabor
1370 2753 1441 2800 esse

116 2834 205 2908 eins,
238 2834 292 2918 qui
324 2837 488 2897 vereretur
520 2829 801 2912 reprehensionem
833 2828 999 2895 doctorum
1029 2833 1123 2915 etque
1153 2825 1367 2913 prudentium.
1409 2831 1441 2894 2.

116 2926 199 3005 Quid
222 2927 307 2991 enim
329 2934 377 2991 est
399 2923 516 3002 maius,
551 2944 663 3010 quem,
697 2945 769 2991 cum
793 2931 879 2990 tenta
900 2925 940 2988 sit
960 2918 1043 2989 inter
1064 2930 1206 2988 oratores
1227 2918 1329 2987 bonos
1349 2920 1442 2988 dissi·

115 3020 278 3097 militudo,
314 3018 473 3096 iudicare,
510 3038 592 3104 quae
621 3020 661 3085 sit
689 3017 810 3105 optima
839 3020 962 3104 speeies
988 3026 1021 3083 et
1047 3015 1137 3104 quasi
1163 3013 1265 3100 ligure
1292 3015 1439 3083 dicendi?

117 3116 211 3191 Quod
239 3114 386 3200 quoniam
416 3131 466 3177 me
495 3113 620 3196 saepius
649 3131 764 3196 roges,
801 3111 969 3197 aggrediar
998 3132 1063 3177 non
1091 3118 1154 3175 tam
1176 3107 1362 3194 perficiundi
1383 3132 1439 3200 spe
1448 3136 1476 3180 tt

12 3204 15 3209 ’
116 3230 209 3295 quam
231 3206 416 3293 experiundi
436 3207 609 3273 voluntate.
654 3205 736 3273 Melo
758 3208 859 3285 enim,
881 3228 953 3273 cum
973 3204 1078 3273 studio
1099 3213 1154 3270 tuo
1176 3205 1236 3270 sim
1257 3206 1437 3284 obsecutus,

116 3300 286 3368 desiderari
306 3323 327 3369 n
347 3309 379 3368 te
401 3302 602 3387 prudentiam
630 3319 734 3367 meam
759 3322 872 3386 quum,
909 3304 937 3369 si
965 3302 998 3367 id
1024 3321 1090 3369 nou
1116 3297 1262 3378 lecerim,
1300 3302 1439 3369 benevo-

114 3395 253 3464 lentium.

200 3495 232 3558 ³.
267 3493 401 3572 Quaeris
422 3491 519 3577 igitur
539 3491 634 3580 idque
656 3490 719 3558 inm
740 3491 882 3580 saepius,
913 3492 998 3579 quod
1025 3489 1221 3579 eloquentiae
1242 3510 1342 3577 genus
1363 3511 1438 3578 pro-

113 3582 187 3652 bem
208 3589 344 3654 merime
366 3595 399 3653 et
419 3587 511 3674 quale
530 3590 609 3652 mihi
630 3589 776 3654 videntur
795 3588 892 3664 illud,
930 3587 995 3652 eui·
1008 3585 1087 3651 nihil
1107 3582 1178 3650 eddi
1199 3584 1310 3672 possit,
1351 3583 1472 3671 quodsi

115 3700 175 3764 ego
197 3702 352 3748 summum
374 3689 406 3747 et
434 3681 695 3767 perfectissimum
728 3681 875 3748 iudicem.
920 3682 957 3744 In
983 3701 1048 3767 quo
1076 3701 1208 3758 vereor,
1242 3700 1301 3759 ne,
1336 3681 1364 3746 si
1386 3678 1435 3759 id',

115 3776 201 3862 qnod
214 3777 277 3853 ris,
301 3775 437 3844 effecero
452 3797 589 3863 eumque
609 3783 784 3851 oratorem,
806 3795 900 3861 quem
916 3775 1060 3861 quaeris,
1085 3795 1289 3863 expressero,
1313 3775 1435 3842 tardem

114 3869 216 3935 studia
237 3870 423 3946 multorum,
447 3870 501 3956 qui
522 3868 742 3954 desperatione
765 3868 918 3934 debilitati
940 3869 1080 3954 experiri
1102 3870 1135 3936 id
1152 3870 1276 3949 nolent,
1298 3873 1383 3956 quod
1397 3893 1433 3937 se

113 3962 239 4051 assequi
259 3984 352 4051 posse
374 3962 524 4031 diffident
566 3967 599 4030 4.
629 3962 693 4030 Sed
712 3983 771 4050 per
791 3972 838 4030 est
860 3983 969 4030 omnes
991 3966 1097 4030 omnia
1118 3966 1271 4052 experiri,
1306 3966 1361 4052 qui
1380 3985 1433 4031 res
1469 4000 1476 4015 κ

114 4078 242 4143 magnas
263 4067 295 4124 et
314 4079 428 4146 magno
451 4077 548 4146 opere
576 4059 767 4146 expetendas
794 4060 1053 4143 concupiverunt.
1098 4062 1219 4140 Quodsi
1250 4080 1346 4146 quem
1377 4068 1469 4126 tutso

113 4163 226 4221 nntnru
246 4175 302 4221 sun
323 4162 378 4220 eut
397 4154 450 4220 ille
471 4153 659 4238 praestantis
679 4151 798 4237 ingenii
818 4155 866 4220 ris
886 4155 969 4220 forte
991 4153 1114 4221 deliciet
1135 4164 1188 4222 aut
1200 4156 1303 4220 minus
1315 4156 1432 4223 iustru-

115 4254 182 4312 etus
204 4249 265 4313 erit
285 4269 468 4334 magnarum
489 4250 603 4315 artium
625 4245 813 4335 disciplinis,
835 4255 942 4314 teuent
955 4255 1060 4315 tumen
1074 4269 1148 4315 enm
1169 4268 1313 4327 cursum,
1337 4270 1431 4337 quem

184 4469 209 4522 e.
229 4467 394 4519 rarissimum
410 4482 450 4521 ms
468 4469 542 4522 litus.
563 4495 592 4508 -
616 4469 644 4521 ’1.
663 4474 767 4522 esrem
783 4468 858 4522 illus.
877 4467 910 4522 lt.
936 4493 969 4505 -
997 4467 1160 4534 prudentum
1176 4469 1210 4521 tt.
1229 4489 1262 4507 -
1288 4470 1332 4522 10.
1348 4471 1429 4540 perp·

114 4540 205 4591 edundi
222 4537 275 4591 Vll.
295 4538 368 4591 llius.
387 4539 429 4591 rt:
446 4539 598 4606 possesne
616 4541 647 4591 13.
667 4566 701 4579 -
727 4541 771 4592 ld.
789 4536 842 4604 rol]
862 4553 914 4605 pso
932 4536 974 4605 (er
991 4541 1079 4603 terlpt
1099 4541 1163 4604 quot
1181 4536 1298 4606 Tullelt.)
1317 4539 1427 4607 onu,

114 4610 151 4662 od
174 4611 246 4677 pood
265 4609 337 4662 dtus.
365 4612 407 4676 (er
426 4615 588 4663 correctione
609 4611 671 4663 leet.
692 4608 767 4676 pso.)
785 4636 817 4649 -
840 4616 929 4675 potest
946 4609 1000 4662 vlt.
1020 4635 1053 4647 -
1080 4610 1124 4662 18.
1143 4612 1257 4674 eoptrtrt
1274 4611 1305 4662 id
1323 4611 1381 4664 ltbrl
1400 4620 1429 4666 et

114 4678 159 4732 lt:
178 4681 293 4745 reportet
310 4679 374 4748 (our.
392 4678 434 4746 id)
452 4693 513 4734 enm
531 4681 641 4735 lledtol.
660 4680 693 4731 B·
715 4705 743 4718 -
761 4680 852 4733 nolam
869 4681 942 4732 llius.
962 4680 1004 4732 lle
1022 4679 1109 4731 nodet
1126 4680 1197 4746 Vtt,
1217 4682 1249 4733 B.
1270 4706 1302 4721 -
1326 4696 1355 4734 ro
1371 4697 1425 4736 om.

114 4752 190 4804 Eine.
211 4774 243 4790 -
271 4750 316 4805 19.
335 4753 420 4804 omnir
438 4753 471 4805 u.
492 4775 521 4793 ·-
552 4742 596 4806 lo.
615 4752 808 4816 eonotptserlnt
823 4750 867 4817 It,
886 4753 1058 4817 corruptum
1073 4751 1165 4805 Lumb.
1184 4775 1218 4793 -=
1241 4752 1286 4807 21.
1304 4754 1427 4811 duttsst

114 4824 218 4890 definiet
235 4819 306 4887 tre,
324 4824 445 4891 defecerit
462 4824 494 4879 ll.
