<?xml version="1.0" encoding="UTF-8"?>
<!DOCTYPE html PUBLIC "-//W3C//DTD XHTML 1.0 Transitional//EN"
    "http://www.w3.org/TR/xhtml1/DTD/xhtml1-transitional.dtd">
<html xmlns="http://www.w3.org/1999/xhtml" xml:lang="en" lang="en">
 <head>
  <title>
</title>
<meta http-equiv="Content-Type" content="text/html;charset=utf-8" />
  <meta name='ocr-system' content='tesseract 3.04.00' />
  <meta name='ocr-capabilities' content='ocr_page ocr_carea ocr_par ocr_line ocrx_word'/>
</head>
<body>
  <div class='ocr_page' id='page_1' title='image "./operaquaesupers04halmgoog/operaquaesupers04halmgoog_0261.png"; bbox 0 0 3216 5400; ppageno 0'>
   <div class='ocr_carea' id='block_1_1' title="bbox 31 219 953 298">
    <p class='ocr_par' dir='ltr' id='par_1_1' title="bbox 31 219 953 298">
     <span class='ocr_line' id='line_1_1' title="bbox 31 219 953 298; baseline -0.009 -3"><span class='ocrx_word' id='word_1_1' title='bbox 31 291 32 295; x_wconf 75' lang='grc'>,</span> <span class='ocrx_word' id='word_1_2' title='bbox 154 229 217 298; x_wconf 77' lang='lat' dir='ltr'><strong>alo</strong></span> <span class='ocrx_word' id='word_1_3' title='bbox 687 220 743 288; x_wconf 83' lang='lat' dir='ltr'><strong>DE</strong></span> <span class='ocrx_word' id='word_1_4' title='bbox 765 219 953 287; x_wconf 83' lang='grc' dir='ltr'><strong>ΟΒΑΤΟΒΕ</strong></span> 
     </span>
    </p>
   </div>
   <div class='ocr_carea' id='block_1_2' title="bbox 156 383 1487 666">
    <p class='ocr_par' dir='ltr' id='par_1_2' title="bbox 156 383 1487 666">
     <span class='ocr_line' id='line_1_2' title="bbox 157 383 1486 477; baseline -0.002 -19"><span class='ocrx_word' id='word_1_5' title='bbox 157 414 199 459; x_wconf 90' lang='lat' dir='ltr'><strong>cx</strong></span> <span class='ocrx_word' id='word_1_6' title='bbox 219 391 298 458; x_wconf 92' lang='lat' dir='ltr'><strong>locis</strong></span> <span class='ocrx_word' id='word_1_7' title='bbox 320 410 370 466; x_wconf 88' lang='lat' dir='ltr'><strong>aa,</strong></span> <span class='ocrx_word' id='word_1_8' title='bbox 395 407 475 474; x_wconf 87' lang='lat' dir='ltr'><strong>quae</strong></span> <span class='ocrx_word' id='word_1_9' title='bbox 497 383 629 450; x_wconf 87' lang='lat' dir='ltr'><strong>dicenda</strong></span> <span class='ocrx_word' id='word_1_10' title='bbox 651 383 766 448; x_wconf 89' lang='lat' dir='ltr'><strong>sintin</strong></span> <span class='ocrx_word' id='word_1_11' title='bbox 788 384 905 458; x_wconf 90' lang='lat' dir='ltr'><strong>causis,</strong></span> <span class='ocrx_word' id='word_1_12' title='bbox 928 384 1138 469; x_wconf 80' lang='lat' dir='ltr'><strong>reperiantur.</strong></span> <span class='ocrx_word' id='word_1_13' title='bbox 1183 387 1271 464; x_wconf 85' lang='lat' dir='ltr'><strong>Quae</strong></span> <span class='ocrx_word' id='word_1_14' title='bbox 1294 409 1486 477; x_wconf 88' lang='lat' dir='ltr'><strong>quamquam</strong></span> 
     </span>
     <span class='ocr_line' id='line_1_3' title="bbox 157 476 1486 567; baseline 0 -15"><span class='ocrx_word' id='word_1_15' title='bbox 157 490 214 552; x_wconf 87' lang='lat' dir='ltr'><strong>abs</strong></span> <span class='ocrx_word' id='word_1_16' title='bbox 245 493 277 550; x_wconf 89' lang='lat' dir='ltr'><strong>te</strong></span> <span class='ocrx_word' id='word_1_17' title='bbox 304 503 387 550; x_wconf 87' lang='lat' dir='ltr'><strong>novo</strong></span> <span class='ocrx_word' id='word_1_18' title='bbox 415 476 552 567; x_wconf 90' lang='lat' dir='ltr'><strong>quodam</strong></span> <span class='ocrx_word' id='word_1_19' title='bbox 581 477 676 543; x_wconf 92' lang='lat' dir='ltr'><strong>modo</strong></span> <span class='ocrx_word' id='word_1_20' title='bbox 704 479 927 564; x_wconf 88' lang='lat' dir='ltr'><strong>praeclareque</strong></span> <span class='ocrx_word' id='word_1_21' title='bbox 956 477 1119 554; x_wconf 89' lang='lat' dir='ltr'><strong>dicuntur,</strong></span> <span class='ocrx_word' id='word_1_22' title='bbox 1157 489 1228 545; x_wconf 90' lang='lat' dir='ltr'><strong>sunt</strong></span> <span class='ocrx_word' id='word_1_23' title='bbox 1251 489 1357 550; x_wconf 84' lang='lat' dir='ltr'><strong>tamen</strong></span> <span class='ocrx_word' id='word_1_24' title='bbox 1388 490 1422 551; x_wconf 91' lang='lat' dir='ltr'><strong>et</strong></span> <span class='ocrx_word' id='word_1_25' title='bbox 1450 505 1486 552; x_wconf 83' lang='lat' dir='ltr'><strong>re</strong></span> 
     </span>
     <span class='ocr_line' id='line_1_4' title="bbox 156 571 1487 666; baseline -0.001 -18"><span class='ocrx_word' id='word_1_26' title='bbox 156 580 300 648; x_wconf 81' lang='lat' dir='ltr'><strong>faciliora</strong></span> <span class='ocrx_word' id='word_1_27' title='bbox 320 585 353 643; x_wconf 87' lang='lat' dir='ltr'><strong>et</strong></span> <span class='ocrx_word' id='word_1_28' title='bbox 372 575 548 663; x_wconf 82' lang='lat' dir='ltr'><strong>praeceptis</strong></span> <span class='ocrx_word' id='word_1_29' title='bbox 570 581 758 656; x_wconf 83' lang='lat' dir='ltr'><strong>pervagata:</strong></span> <span class='ocrx_word' id='word_1_30' title='bbox 783 571 836 636; x_wconf 90' lang='lat' dir='ltr'><strong>illa</strong></span> <span class='ocrx_word' id='word_1_31' title='bbox 859 575 1011 658; x_wconf 87' lang='lat' dir='ltr'><strong>deprome</strong></span> <span class='ocrx_word' id='word_1_32' title='bbox 1033 576 1125 640; x_wconf 89' lang='lat' dir='ltr'><strong>nobis</strong></span> <span class='ocrx_word' id='word_1_33' title='bbox 1146 573 1230 641; x_wconf 92' lang='lat' dir='ltr'><strong>unde</strong></span> <span class='ocrx_word' id='word_1_34' title='bbox 1249 575 1381 655; x_wconf 82' lang='lat' dir='ltr'><strong>alietas,</strong></span> <span class='ocrx_word' id='word_1_35' title='bbox 1404 599 1487 666; x_wconf 81' lang='lat' dir='ltr'><strong>quac</strong></span> 
     </span>
    </p>
   </div>
   <div class='ocr_carea' id='block_1_3' title="bbox 120 665 1492 4067">
    <p class='ocr_par' dir='ltr' id='par_1_3' title="bbox 120 665 1492 3672">
     <span class='ocr_line' id='line_1_5' title="bbox 159 665 868 758; baseline -0.011 -18"><span class='ocrx_word' id='word_1_36' title='bbox 159 675 344 758; x_wconf 87' lang='lat' dir='ltr'><strong>saepissime</strong></span> <span class='ocrx_word' id='word_1_37' title='bbox 364 677 477 735; x_wconf 84' lang='lat' dir='ltr'><strong>tractas</strong></span> <span class='ocrx_word' id='word_1_38' title='bbox 499 687 685 754; x_wconf 85' lang='lat' dir='ltr'><strong>semperque</strong></span> <span class='ocrx_word' id='word_1_39' title='bbox 708 665 868 732; x_wconf 86' lang='lat' dir='ltr'><strong>divinitus.</strong></span> 
     </span>
     <span class='ocr_line' id='line_1_6' title="bbox 135 759 1485 855; baseline 0.001 -20"><span class='ocrx_word' id='word_1_40' title='bbox 135 792 148 834; x_wconf 80' lang='lat' dir='ltr'><strong>s</strong></span> <span class='ocrx_word' id='word_1_41' title='bbox 246 770 317 834; x_wconf 85' lang='grc'><strong>128.</strong></span> <span class='ocrx_word' id='word_1_42' title='bbox 340 770 531 850; x_wconf 88' lang='lat' dir='ltr'><strong>Depromam</strong></span> <span class='ocrx_word' id='word_1_43' title='bbox 552 762 719 849; x_wconf 87' lang='lat' dir='ltr'><strong>equidem,</strong></span> <span class='ocrx_word' id='word_1_44' title='bbox 754 759 873 848; x_wconf 87' lang='lat' dir='ltr'><strong>inquit,</strong></span> <span class='ocrx_word' id='word_1_45' title='bbox 906 769 938 828; x_wconf 92' lang='lat' dir='ltr'><strong>et</strong></span> <span class='ocrx_word' id='word_1_46' title='bbox 963 783 1026 848; x_wconf 93' lang='lat' dir='ltr'><strong>quo</strong></span> <span class='ocrx_word' id='word_1_47' title='bbox 1048 763 1170 831; x_wconf 83' lang='lat' dir='ltr'><strong>facilius</strong></span> <span class='ocrx_word' id='word_1_48' title='bbox 1191 764 1224 832; x_wconf 93' lang='lat' dir='ltr'><strong>id</strong></span> <span class='ocrx_word' id='word_1_49' title='bbox 1246 787 1266 832; x_wconf 91' lang='lat' dir='ltr'><strong>a</strong></span> <span class='ocrx_word' id='word_1_50' title='bbox 1285 773 1318 833; x_wconf 91' lang='lat' dir='ltr'><strong>te</strong></span> <span class='ocrx_word' id='word_1_51' title='bbox 1339 768 1485 855; x_wconf 78' lang='lat' dir='ltr'><strong>exigam,</strong></span> 
     </span>
     <span class='ocr_line' id='line_1_7' title="bbox 158 855 1488 955; baseline 0.002 -25"><span class='ocrx_word' id='word_1_52' title='bbox 158 867 245 955; x_wconf 91' lang='lat' dir='ltr'><strong>qnod</strong></span> <span class='ocrx_word' id='word_1_53' title='bbox 273 870 363 949; x_wconf 90' lang='lat' dir='ltr'><strong>peto,</strong></span> <span class='ocrx_word' id='word_1_54' title='bbox 398 858 477 925; x_wconf 88' lang='lat' dir='ltr'><strong>nihil</strong></span> <span class='ocrx_word' id='word_1_55' title='bbox 507 859 565 922; x_wconf 92' lang='lat' dir='ltr'><strong>tibi</strong></span> <span class='ocrx_word' id='word_1_56' title='bbox 587 878 607 920; x_wconf 90' lang='lat' dir='ltr'><strong>a</strong></span> <span class='ocrx_word' id='word_1_57' title='bbox 628 879 679 921; x_wconf 91' lang='lat' dir='ltr'><strong>mc</strong></span> <span class='ocrx_word' id='word_1_58' title='bbox 699 855 869 943; x_wconf 77' lang='lat' dir='ltr'><strong>postulanti</strong></span> <span class='ocrx_word' id='word_1_59' title='bbox 894 860 1058 923; x_wconf 84' lang='lat' dir='ltr'><strong>recusabo.</strong></span> <span class='ocrx_word' id='word_1_60' title='bbox 1103 864 1192 926; x_wconf 83' lang='lat' dir='ltr'><strong>Meae</strong></span> <span class='ocrx_word' id='word_1_61' title='bbox 1213 861 1312 928; x_wconf 90' lang='lat' dir='ltr'><strong>totins</strong></span> <span class='ocrx_word' id='word_1_62' title='bbox 1334 864 1488 932; x_wconf 89' lang='lat' dir='ltr'><strong>orationis</strong></span> 
     </span>
     <span class='ocr_line' id='line_1_8' title="bbox 158 948 1488 1042; baseline 0.001 -15"><span class='ocrx_word' id='word_1_63' title='bbox 158 970 191 1027; x_wconf 91' lang='lat' dir='ltr'><strong>et</strong></span> <span class='ocrx_word' id='word_1_64' title='bbox 210 960 298 1025; x_wconf 90' lang='lat' dir='ltr'><strong>istius</strong></span> <span class='ocrx_word' id='word_1_65' title='bbox 320 955 418 1042; x_wconf 90' lang='lat' dir='ltr'><strong>ipsius</strong></span> <span class='ocrx_word' id='word_1_66' title='bbox 441 950 485 1036; x_wconf 86' lang='lat' dir='ltr'><strong>[in</strong></span> <span class='ocrx_word' id='word_1_67' title='bbox 508 948 653 1035; x_wconf 89' lang='lat' dir='ltr'><strong>dicendo]</strong></span> <span class='ocrx_word' id='word_1_68' title='bbox 686 949 856 1027; x_wconf 86' lang='lat' dir='ltr'><strong>facultatis,</strong></span> <span class='ocrx_word' id='word_1_69' title='bbox 892 973 986 1037; x_wconf 92' lang='lat' dir='ltr'><strong>quam</strong></span> <span class='ocrx_word' id='word_1_70' title='bbox 1015 951 1110 1018; x_wconf 94' lang='lat' dir='ltr'><strong>modo</strong></span> <span class='ocrx_word' id='word_1_71' title='bbox 1140 955 1270 1022; x_wconf 89' lang='lat' dir='ltr'><strong>Crassus</strong></span> <span class='ocrx_word' id='word_1_72' title='bbox 1298 960 1332 1023; x_wconf 92' lang='lat' dir='ltr'><strong>in</strong></span> <span class='ocrx_word' id='word_1_73' title='bbox 1362 963 1488 1028; x_wconf 90' lang='lat' dir='ltr'><strong>caelum</strong></span> 
     </span>
     <span class='ocr_line' id='line_1_9' title="bbox 159 1045 1490 1124; baseline 0.002 -4"><span class='ocrx_word' id='word_1_74' title='bbox 159 1054 264 1120; x_wconf 84' lang='lat' dir='ltr'><strong>verbis</strong></span> <span class='ocrx_word' id='word_1_75' title='bbox 287 1051 414 1124; x_wconf 80' lang='lat' dir='ltr'><strong>extulit,</strong></span> <span class='ocrx_word' id='word_1_76' title='bbox 438 1055 502 1112; x_wconf 87' lang='lat' dir='ltr'><strong>tres</strong></span> <span class='ocrx_word' id='word_1_77' title='bbox 524 1052 597 1111; x_wconf 90' lang='lat' dir='ltr'><strong>sunt</strong></span> <span class='ocrx_word' id='word_1_78' title='bbox 618 1046 772 1120; x_wconf 88' lang='lat' dir='ltr'><strong>rationes,</strong></span> <span class='ocrx_word' id='word_1_79' title='bbox 795 1053 831 1111; x_wconf 91' lang='lat' dir='ltr'><strong>ut</strong></span> <span class='ocrx_word' id='word_1_80' title='bbox 852 1055 923 1110; x_wconf 91' lang='lat' dir='ltr'><strong>ante</strong></span> <span class='ocrx_word' id='word_1_81' title='bbox 946 1045 1031 1111; x_wconf 86' lang='lat' dir='ltr'><strong>dixi:</strong></span> <span class='ocrx_word' id='word_1_82' title='bbox 1055 1070 1118 1114; x_wconf 91' lang='lat' dir='ltr'><strong>una</strong></span> <span class='ocrx_word' id='word_1_83' title='bbox 1137 1052 1406 1121; x_wconf 84' lang='lat' dir='ltr'><strong>conciliandorum</strong></span> <span class='ocrx_word' id='word_1_84' title='bbox 1428 1059 1490 1121; x_wconf 84' lang='lat' dir='ltr'><strong>ho-</strong></span> 
     </span>
     <span class='ocr_line' id='line_1_10' title="bbox 157 1140 1489 1222; baseline -0.002 -6"><span class='ocrx_word' id='word_1_85' title='bbox 157 1149 296 1222; x_wconf 92' lang='lat' dir='ltr'><strong>minum,</strong></span> <span class='ocrx_word' id='word_1_86' title='bbox 330 1146 430 1208; x_wconf 89' lang='lat' dir='ltr'><strong>altera</strong></span> <span class='ocrx_word' id='word_1_87' title='bbox 451 1142 683 1212; x_wconf 88' lang='lat' dir='ltr'><strong>docendorum,</strong></span> <span class='ocrx_word' id='word_1_88' title='bbox 717 1141 809 1204; x_wconf 86' lang='lat' dir='ltr'><strong>tertia</strong></span> <span class='ocrx_word' id='word_1_89' title='bbox 831 1140 1101 1207; x_wconf 87' lang='lat' dir='ltr'><strong>concitandorum.</strong></span> <span class='ocrx_word' id='word_1_90' title='bbox 1148 1148 1220 1211; x_wconf 87' lang='grc'><strong>129.</strong></span> <span class='ocrx_word' id='word_1_91' title='bbox 1246 1148 1489 1214; x_wconf 89' lang='lat' dir='ltr'><strong>Harumtrium</strong></span> 
     </span>
     <span class='ocr_line' id='line_1_11' title="bbox 120 1233 1487 1333; baseline 0.004 -29"><span class='ocrx_word' id='word_1_92' title='bbox 120 1263 150 1305; x_wconf 83' lang='lat' dir='ltr'><strong>ao</strong></span> <span class='ocrx_word' id='word_1_93' title='bbox 157 1242 294 1333; x_wconf 89' lang='lat' dir='ltr'><strong>partium</strong></span> <span class='ocrx_word' id='word_1_94' title='bbox 314 1239 417 1327; x_wconf 88' lang='lat' dir='ltr'><strong>prima</strong></span> <span class='ocrx_word' id='word_1_95' title='bbox 437 1236 597 1300; x_wconf 85' lang='lat' dir='ltr'><strong>lenitatem</strong></span> <span class='ocrx_word' id='word_1_96' title='bbox 612 1233 783 1310; x_wconf 91' lang='lat' dir='ltr'><strong>orationis,</strong></span> <span class='ocrx_word' id='word_1_97' title='bbox 807 1233 945 1300; x_wconf 89' lang='lat' dir='ltr'><strong>secunda</strong></span> <span class='ocrx_word' id='word_1_98' title='bbox 960 1255 1108 1314; x_wconf 89' lang='lat' dir='ltr'><strong>acumen,</strong></span> <span class='ocrx_word' id='word_1_99' title='bbox 1132 1239 1225 1304; x_wconf 85' lang='lat' dir='ltr'><strong>tertia</strong></span> <span class='ocrx_word' id='word_1_100' title='bbox 1239 1240 1302 1305; x_wconf 90' lang='lat' dir='ltr'><strong>vim</strong></span> <span class='ocrx_word' id='word_1_101' title='bbox 1317 1241 1487 1311; x_wconf 71' lang='lat' dir='ltr'><strong>desiderat</strong></span> 
     </span>
     <span class='ocr_line' id='line_1_12' title="bbox 158 1327 1490 1413; baseline -0.001 -10"><span class='ocrx_word' id='word_1_102' title='bbox 158 1343 236 1404; x_wconf 86' lang='lat' dir='ltr'><strong>Nam</strong></span> <span class='ocrx_word' id='word_1_103' title='bbox 257 1338 319 1400; x_wconf 91' lang='lat' dir='ltr'><strong>hoc</strong></span> <span class='ocrx_word' id='word_1_104' title='bbox 341 1352 469 1398; x_wconf 90' lang='lat' dir='ltr'><strong>necesse</strong></span> <span class='ocrx_word' id='word_1_105' title='bbox 491 1337 557 1405; x_wconf 93' lang='lat' dir='ltr'><strong>est,</strong></span> <span class='ocrx_word' id='word_1_106' title='bbox 592 1335 628 1392; x_wconf 92' lang='lat' dir='ltr'><strong>ut</strong></span> <span class='ocrx_word' id='word_1_107' title='bbox 648 1329 695 1403; x_wconf 95' lang='lat' dir='ltr'><strong>is,</strong></span> <span class='ocrx_word' id='word_1_108' title='bbox 731 1327 786 1413; x_wconf 90' lang='lat' dir='ltr'><strong>qui</strong></span> <span class='ocrx_word' id='word_1_109' title='bbox 815 1327 906 1393; x_wconf 92' lang='lat' dir='ltr'><strong>nobis</strong></span> <span class='ocrx_word' id='word_1_110' title='bbox 935 1349 1060 1396; x_wconf 88' lang='lat' dir='ltr'><strong>causam</strong></span> <span class='ocrx_word' id='word_1_111' title='bbox 1088 1330 1319 1400; x_wconf 88' lang='lat' dir='ltr'><strong>adiudicaturus</strong></span> <span class='ocrx_word' id='word_1_112' title='bbox 1341 1336 1397 1412; x_wconf 89' lang='lat' dir='ltr'><strong>sit,</strong></span> <span class='ocrx_word' id='word_1_113' title='bbox 1431 1344 1490 1404; x_wconf 87' lang='lat' dir='ltr'><strong>aut</strong></span> 
     </span>
     <span class='ocr_line' id='line_1_13' title="bbox 157 1421 1489 1514; baseline 0.001 -17"><span class='ocrx_word' id='word_1_114' title='bbox 157 1431 362 1498; x_wconf 88' lang='lat' dir='ltr'><strong>inclinatione</strong></span> <span class='ocrx_word' id='word_1_115' title='bbox 383 1423 551 1490; x_wconf 82' lang='lat' dir='ltr'><strong>voluntatis</strong></span> <span class='ocrx_word' id='word_1_116' title='bbox 572 1424 768 1508; x_wconf 87' lang='lat' dir='ltr'><strong>propendeat</strong></span> <span class='ocrx_word' id='word_1_117' title='bbox 790 1421 822 1487; x_wconf 94' lang='lat' dir='ltr'><strong>in</strong></span> <span class='ocrx_word' id='word_1_118' title='bbox 844 1443 902 1487; x_wconf 90' lang='lat' dir='ltr'><strong>nos</strong></span> <span class='ocrx_word' id='word_1_119' title='bbox 924 1433 976 1488; x_wconf 91' lang='lat' dir='ltr'><strong>aut</strong></span> <span class='ocrx_word' id='word_1_120' title='bbox 997 1423 1189 1491; x_wconf 83' lang='lat' dir='ltr'><strong>defensionis</strong></span> <span class='ocrx_word' id='word_1_121' title='bbox 1217 1434 1410 1514; x_wconf 79' lang='lat' dir='ltr'><strong>argumentis</strong></span> <span class='ocrx_word' id='word_1_122' title='bbox 1432 1435 1489 1498; x_wconf 88' lang='lat' dir='ltr'><strong>ad·</strong></span> 
     </span>
     <span class='ocr_line' id='line_1_14' title="bbox 160 1518 1488 1613; baseline 0 -21"><span class='ocrx_word' id='word_1_123' title='bbox 160 1531 293 1593; x_wconf 91' lang='lat' dir='ltr'><strong>ducatur</strong></span> <span class='ocrx_word' id='word_1_124' title='bbox 315 1531 368 1587; x_wconf 89' lang='lat' dir='ltr'><strong>aut</strong></span> <span class='ocrx_word' id='word_1_125' title='bbox 390 1521 485 1586; x_wconf 91' lang='lat' dir='ltr'><strong>animi</strong></span> <span class='ocrx_word' id='word_1_126' title='bbox 507 1518 704 1602; x_wconf 88' lang='lat' dir='ltr'><strong>permotione</strong></span> <span class='ocrx_word' id='word_1_127' title='bbox 726 1525 868 1602; x_wconf 88' lang='lat' dir='ltr'><strong>cogatur.</strong></span> <span class='ocrx_word' id='word_1_128' title='bbox 915 1520 978 1583; x_wconf 89' lang='lat' dir='ltr'><strong>Sed</strong></span> <span class='ocrx_word' id='word_1_129' title='bbox 1000 1520 1148 1606; x_wconf 90' lang='lat' dir='ltr'><strong>quoniam</strong></span> <span class='ocrx_word' id='word_1_130' title='bbox 1170 1522 1225 1588; x_wconf 90' lang='lat' dir='ltr'><strong>illa</strong></span> <span class='ocrx_word' id='word_1_131' title='bbox 1246 1546 1335 1608; x_wconf 91' lang='lat' dir='ltr'><strong>pars,</strong></span> <span class='ocrx_word' id='word_1_132' title='bbox 1370 1526 1403 1593; x_wconf 95' lang='lat' dir='ltr'><strong>in</strong></span> <span class='ocrx_word' id='word_1_133' title='bbox 1425 1548 1488 1613; x_wconf 89' lang='lat' dir='ltr'><strong>qua</strong></span> 
     </span>
     <span class='ocr_line' id='line_1_15' title="bbox 160 1611 1487 1700; baseline 0.001 -14"><span class='ocrx_word' id='word_1_134' title='bbox 160 1641 267 1686; x_wconf 88' lang='lat' dir='ltr'><strong>rerum</strong></span> <span class='ocrx_word' id='word_1_135' title='bbox 288 1619 428 1700; x_wconf 89' lang='lat' dir='ltr'><strong>ipsarum</strong></span> <span class='ocrx_word' id='word_1_136' title='bbox 450 1611 620 1696; x_wconf 83' lang='lat' dir='ltr'><strong>explicatio</strong></span> <span class='ocrx_word' id='word_1_137' title='bbox 641 1631 677 1675; x_wconf 89' lang='lat' dir='ltr'><strong>ac</strong></span> <span class='ocrx_word' id='word_1_138' title='bbox 698 1611 841 1678; x_wconf 86' lang='lat' dir='ltr'><strong>defensio</strong></span> <span class='ocrx_word' id='word_1_139' title='bbox 862 1611 965 1695; x_wconf 88' lang='lat' dir='ltr'><strong>posita</strong></span> <span class='ocrx_word' id='word_1_140' title='bbox 988 1621 1052 1690; x_wconf 90' lang='lat' dir='ltr'><strong>est,</strong></span> <span class='ocrx_word' id='word_1_141' title='bbox 1088 1619 1213 1682; x_wconf 87' lang='lat' dir='ltr'><strong>videtur</strong></span> <span class='ocrx_word' id='word_1_142' title='bbox 1242 1639 1369 1685; x_wconf 90' lang='lat' dir='ltr'><strong>omnem</strong></span> <span class='ocrx_word' id='word_1_143' title='bbox 1391 1624 1487 1687; x_wconf 88' lang='lat' dir='ltr'><strong>huius</strong></span> 
     </span>
     <span class='ocr_line' id='line_1_16' title="bbox 123 1705 1490 1801; baseline 0.004 -25"><span class='ocrx_word' id='word_1_144' title='bbox 123 1734 150 1776; x_wconf 80' lang='lat' dir='ltr'><strong>rs</strong></span> <span class='ocrx_word' id='word_1_145' title='bbox 160 1712 286 1801; x_wconf 88' lang='lat' dir='ltr'><strong>generis</strong></span> <span class='ocrx_word' id='word_1_146' title='bbox 309 1711 398 1796; x_wconf 88' lang='lat' dir='ltr'><strong>quasi</strong></span> <span class='ocrx_word' id='word_1_147' title='bbox 420 1708 595 1773; x_wconf 85' lang='lat' dir='ltr'><strong>doctrinam</strong></span> <span class='ocrx_word' id='word_1_148' title='bbox 626 1708 805 1784; x_wconf 88' lang='lat' dir='ltr'><strong>continere,</strong></span> <span class='ocrx_word' id='word_1_149' title='bbox 843 1705 883 1770; x_wconf 91' lang='lat' dir='ltr'><strong>de</strong></span> <span class='ocrx_word' id='word_1_150' title='bbox 912 1726 948 1772; x_wconf 90' lang='lat' dir='ltr'><strong>ca</strong></span> <span class='ocrx_word' id='word_1_151' title='bbox 976 1706 1113 1793; x_wconf 90' lang='lat' dir='ltr'><strong>primum</strong></span> <span class='ocrx_word' id='word_1_152' title='bbox 1143 1712 1311 1797; x_wconf 90' lang='lat' dir='ltr'><strong>loquemur</strong></span> <span class='ocrx_word' id='word_1_153' title='bbox 1333 1723 1366 1779; x_wconf 87' lang='lat' dir='ltr'><strong>et</strong></span> <span class='ocrx_word' id='word_1_154' title='bbox 1386 1736 1490 1799; x_wconf 84' lang='lat' dir='ltr'><strong>pauca</strong></span> 
     </span>
     <span class='ocr_line' id='line_1_17' title="bbox 161 1802 1490 1892; baseline 0.002 -18"><span class='ocrx_word' id='word_1_155' title='bbox 161 1809 312 1874; x_wconf 89' lang='lat' dir='ltr'><strong>dicemus.</strong></span> <span class='ocrx_word' id='word_1_156' title='bbox 357 1806 458 1868; x_wconf 91' lang='lat' dir='ltr'><strong>Pauca</strong></span> <span class='ocrx_word' id='word_1_157' title='bbox 472 1804 555 1866; x_wconf 91' lang='lat' dir='ltr'><strong>enim</strong></span> <span class='ocrx_word' id='word_1_158' title='bbox 572 1808 660 1876; x_wconf 92' lang='lat' dir='ltr'><strong>sunt,</strong></span> <span class='ocrx_word' id='word_1_159' title='bbox 685 1821 767 1886; x_wconf 91' lang='lat' dir='ltr'><strong>quac</strong></span> <span class='ocrx_word' id='word_1_160' title='bbox 788 1822 847 1867; x_wconf 90' lang='lat' dir='ltr'><strong>usu</strong></span> <span class='ocrx_word' id='word_1_161' title='bbox 868 1802 930 1866; x_wconf 88' lang='lat' dir='ltr'><strong>iam</strong></span> <span class='ocrx_word' id='word_1_162' title='bbox 954 1810 1083 1868; x_wconf 89' lang='lat' dir='ltr'><strong>tractata</strong></span> <span class='ocrx_word' id='word_1_163' title='bbox 1105 1812 1136 1869; x_wconf 90' lang='lat' dir='ltr'><strong>et</strong></span> <span class='ocrx_word' id='word_1_164' title='bbox 1154 1807 1260 1871; x_wconf 89' lang='lat' dir='ltr'><strong>animo</strong></span> <span class='ocrx_word' id='word_1_165' title='bbox 1276 1810 1366 1892; x_wconf 91' lang='lat' dir='ltr'><strong>quasi</strong></span> <span class='ocrx_word' id='word_1_166' title='bbox 1380 1819 1490 1876; x_wconf 83' lang='lat' dir='ltr'><strong>notatu</strong></span> 
     </span>
     <span class='ocr_line' id='line_1_18' title="bbox 160 1897 1488 1980; baseline 0.001 -11"><span class='ocrx_word' id='word_1_167' title='bbox 160 1901 276 1970; x_wconf 87' lang='lat' dir='ltr'><strong>habere</strong></span> <span class='ocrx_word' id='word_1_168' title='bbox 307 1898 483 1964; x_wconf 87' lang='lat' dir='ltr'><strong>videamur.</strong></span> <span class='ocrx_word' id='word_1_169' title='bbox 555 1898 658 1961; x_wconf 83' lang='lat' dir='ltr'><strong>XXX.</strong></span> <span class='ocrx_word' id='word_1_170' title='bbox 699 1898 770 1961; x_wconf 84' lang='grc'><strong>130.</strong></span> <span class='ocrx_word' id='word_1_171' title='bbox 805 1897 850 1959; x_wconf 82' lang='lat' dir='ltr'><strong>Ac</strong></span> <span class='ocrx_word' id='word_1_172' title='bbox 879 1897 937 1960; x_wconf 90' lang='lat' dir='ltr'><strong>tibi</strong></span> <span class='ocrx_word' id='word_1_173' title='bbox 973 1899 1131 1980; x_wconf 90' lang='lat' dir='ltr'><strong>sapienter</strong></span> <span class='ocrx_word' id='word_1_174' title='bbox 1169 1901 1322 1978; x_wconf 90' lang='lat' dir='ltr'><strong>monenti,</strong></span> <span class='ocrx_word' id='word_1_175' title='bbox 1363 1905 1488 1980; x_wconf 87' lang='lat' dir='ltr'><strong>Crasse,</strong></span> 
     </span>
     <span class='ocr_line' id='line_1_19' title="bbox 161 1991 1491 2081; baseline -0.001 -18"><span class='ocrx_word' id='word_1_176' title='bbox 161 1998 298 2064; x_wconf 86' lang='lat' dir='ltr'><strong>libenter</strong></span> <span class='ocrx_word' id='word_1_177' title='bbox 320 1991 546 2067; x_wconf 87' lang='lat' dir='ltr'><strong>assentiemur,</strong></span> <span class='ocrx_word' id='word_1_178' title='bbox 580 1999 614 2055; x_wconf 93' lang='lat' dir='ltr'><strong>ut</strong></span> <span class='ocrx_word' id='word_1_179' title='bbox 635 1991 827 2075; x_wconf 90' lang='lat' dir='ltr'><strong>singularum</strong></span> <span class='ocrx_word' id='word_1_180' title='bbox 851 2010 1013 2056; x_wconf 89' lang='lat' dir='ltr'><strong>causarum</strong></span> <span class='ocrx_word' id='word_1_181' title='bbox 1038 1992 1254 2069; x_wconf 86' lang='lat' dir='ltr'><strong>defensiones,</strong></span> <span class='ocrx_word' id='word_1_182' title='bbox 1287 2017 1365 2081; x_wconf 91' lang='lat' dir='ltr'><strong>quas</strong></span> <span class='ocrx_word' id='word_1_183' title='bbox 1386 1997 1491 2063; x_wconf 88' lang='lat' dir='ltr'><strong>solent</strong></span> 
     </span>
     <span class='ocr_line' id='line_1_20' title="bbox 162 2083 1489 2176; baseline 0.001 -20"><span class='ocrx_word' id='word_1_184' title='bbox 162 2089 304 2176; x_wconf 74' lang='lat' dir='ltr'><strong>magistri</strong></span> <span class='ocrx_word' id='word_1_185' title='bbox 325 2088 431 2175; x_wconf 90' lang='lat' dir='ltr'><strong>pueris</strong></span> <span class='ocrx_word' id='word_1_186' title='bbox 452 2090 595 2162; x_wconf 86' lang='lat' dir='ltr'><strong>tradere,</strong></span> <span class='ocrx_word' id='word_1_187' title='bbox 619 2083 853 2172; x_wconf 91' lang='lat' dir='ltr'><strong>relinquamus,</strong></span> <span class='ocrx_word' id='word_1_188' title='bbox 876 2085 1055 2168; x_wconf 86' lang='lat' dir='ltr'><strong>aperiamus</strong></span> <span class='ocrx_word' id='word_1_189' title='bbox 1077 2097 1182 2153; x_wconf 90' lang='lat' dir='ltr'><strong>autem</strong></span> <span class='ocrx_word' id='word_1_190' title='bbox 1204 2089 1304 2173; x_wconf 91' lang='lat' dir='ltr'><strong>capita</strong></span> <span class='ocrx_word' id='word_1_191' title='bbox 1323 2111 1380 2168; x_wconf 87' lang='lat' dir='ltr'><strong>ea,</strong></span> <span class='ocrx_word' id='word_1_192' title='bbox 1402 2090 1489 2159; x_wconf 89' lang='lat' dir='ltr'><strong>unde</strong></span> 
     </span>
     <span class='ocr_line' id='line_1_21' title="bbox 125 2182 1489 2273; baseline 0.006 -29"><span class='ocrx_word' id='word_1_193' title='bbox 125 2188 267 2251; x_wconf 84' lang='lat' dir='ltr'><strong>soomnis</strong></span> <span class='ocrx_word' id='word_1_194' title='bbox 299 2182 339 2249; x_wconf 89' lang='lat' dir='ltr'><strong>ad</strong></span> <span class='ocrx_word' id='word_1_195' title='bbox 371 2202 498 2247; x_wconf 93' lang='lat' dir='ltr'><strong>omnem</strong></span> <span class='ocrx_word' id='word_1_196' title='bbox 529 2189 560 2244; x_wconf 90' lang='lat' dir='ltr'><strong>et</strong></span> <span class='ocrx_word' id='word_1_197' title='bbox 588 2198 713 2244; x_wconf 87' lang='lat' dir='ltr'><strong>causam</strong></span> <span class='ocrx_word' id='word_1_198' title='bbox 743 2187 776 2245; x_wconf 87' lang='lat' dir='ltr'><strong>et</strong></span> <span class='ocrx_word' id='word_1_199' title='bbox 804 2182 979 2245; x_wconf 89' lang='lat' dir='ltr'><strong>orationem</strong></span> <span class='ocrx_word' id='word_1_200' title='bbox 1003 2182 1173 2265; x_wconf 89' lang='lat' dir='ltr'><strong>disputatio</strong></span> <span class='ocrx_word' id='word_1_201' title='bbox 1196 2184 1331 2251; x_wconf 90' lang='lat' dir='ltr'><strong>ducitur.</strong></span> <span class='ocrx_word' id='word_1_202' title='bbox 1377 2190 1489 2273; x_wconf 85' lang='lat' dir='ltr'><strong>Neque</strong></span> 
     </span>
     <span class='ocr_line' id='line_1_22' title="bbox 164 2272 1491 2366; baseline 0.002 -21"><span class='ocrx_word' id='word_1_203' title='bbox 164 2277 261 2354; x_wconf 90' lang='lat' dir='ltr'><strong>enim,</strong></span> <span class='ocrx_word' id='word_1_204' title='bbox 295 2281 419 2366; x_wconf 88' lang='lat' dir='ltr'><strong>quoties</strong></span> <span class='ocrx_word' id='word_1_205' title='bbox 447 2277 580 2341; x_wconf 84' lang='lat' dir='ltr'><strong>verbum</strong></span> <span class='ocrx_word' id='word_1_206' title='bbox 607 2272 735 2359; x_wconf 90' lang='lat' dir='ltr'><strong>aliquod</strong></span> <span class='ocrx_word' id='word_1_207' title='bbox 756 2280 804 2338; x_wconf 91' lang='lat' dir='ltr'><strong>cst</strong></span> <span class='ocrx_word' id='word_1_208' title='bbox 825 2274 1024 2341; x_wconf 89' lang='lat' dir='ltr'><strong>scribendum</strong></span> <span class='ocrx_word' id='word_1_209' title='bbox 1046 2275 1156 2353; x_wconf 90' lang='lat' dir='ltr'><strong>nobis,</strong></span> <span class='ocrx_word' id='word_1_210' title='bbox 1190 2278 1283 2344; x_wconf 90' lang='lat' dir='ltr'><strong>toties</strong></span> <span class='ocrx_word' id='word_1_211' title='bbox 1306 2282 1375 2346; x_wconf 87' lang='lat' dir='ltr'><strong>eius</strong></span> <span class='ocrx_word' id='word_1_212' title='bbox 1397 2280 1491 2349; x_wconf 83' lang='lat' dir='ltr'><strong>verbi</strong></span> 
     </span>
     <span class='ocr_line' id='line_1_23' title="bbox 162 2368 1489 2455; baseline 0.001 -15"><span class='ocrx_word' id='word_1_213' title='bbox 162 2375 284 2442; x_wconf 88' lang='lat' dir='ltr'><strong>litterae</strong></span> <span class='ocrx_word' id='word_1_214' title='bbox 307 2380 379 2439; x_wconf 88' lang='lat' dir='ltr'><strong>suut</strong></span> <span class='ocrx_word' id='word_1_215' title='bbox 400 2369 589 2455; x_wconf 87' lang='lat' dir='ltr'><strong>cogitatione</strong></span> <span class='ocrx_word' id='word_1_216' title='bbox 612 2368 864 2455; x_wconf 87' lang='lat' dir='ltr'><strong>conquirendac;</strong></span> <span class='ocrx_word' id='word_1_217' title='bbox 899 2391 958 2434; x_wconf 90' lang='lat' dir='ltr'><strong>nec</strong></span> <span class='ocrx_word' id='word_1_218' title='bbox 988 2372 1112 2455; x_wconf 87' lang='lat' dir='ltr'><strong>quoties</strong></span> <span class='ocrx_word' id='word_1_219' title='bbox 1142 2391 1236 2437; x_wconf 89' lang='lat' dir='ltr'><strong>causa</strong></span> <span class='ocrx_word' id='word_1_220' title='bbox 1263 2373 1397 2440; x_wconf 87' lang='lat' dir='ltr'><strong>dicenda</strong></span> <span class='ocrx_word' id='word_1_221' title='bbox 1425 2384 1489 2452; x_wconf 86' lang='lat' dir='ltr'><strong>est,</strong></span> 
     </span>
     <span class='ocr_line' id='line_1_24' title="bbox 163 2462 1490 2549; baseline 0.002 -16"><span class='ocrx_word' id='word_1_222' title='bbox 163 2469 257 2533; x_wconf 86' lang='lat' dir='ltr'><strong>toties</strong></span> <span class='ocrx_word' id='word_1_223' title='bbox 279 2469 318 2532; x_wconf 89' lang='lat' dir='ltr'><strong>ad</strong></span> <span class='ocrx_word' id='word_1_224' title='bbox 340 2468 409 2531; x_wconf 90' lang='lat' dir='ltr'><strong>eius</strong></span> <span class='ocrx_word' id='word_1_225' title='bbox 431 2485 545 2530; x_wconf 89' lang='lat' dir='ltr'><strong>causac</strong></span> <span class='ocrx_word' id='word_1_226' title='bbox 566 2462 704 2547; x_wconf 82' lang='lat' dir='ltr'><strong>seposita</strong></span> <span class='ocrx_word' id='word_1_227' title='bbox 725 2473 909 2549; x_wconf 90' lang='lat' dir='ltr'><strong>argumenta</strong></span> <span class='ocrx_word' id='word_1_228' title='bbox 924 2464 1047 2530; x_wconf 82' lang='lat' dir='ltr'><strong>revolvi</strong></span> <span class='ocrx_word' id='word_1_229' title='bbox 1060 2486 1119 2530; x_wconf 91' lang='lat' dir='ltr'><strong>nos</strong></span> <span class='ocrx_word' id='word_1_230' title='bbox 1132 2475 1276 2549; x_wconf 88' lang='lat' dir='ltr'><strong>oportet,</strong></span> <span class='ocrx_word' id='word_1_231' title='bbox 1301 2467 1356 2535; x_wconf 90' lang='lat' dir='ltr'><strong>sed</strong></span> <span class='ocrx_word' id='word_1_232' title='bbox 1369 2469 1490 2536; x_wconf 90' lang='lat' dir='ltr'><strong>habere</strong></span> 
     </span>
     <span class='ocr_line' id='line_1_25' title="bbox 165 2557 1491 2645; baseline 0.001 -17"><span class='ocrx_word' id='word_1_233' title='bbox 165 2571 267 2628; x_wconf 87' lang='lat' dir='ltr'><strong>certos</strong></span> <span class='ocrx_word' id='word_1_234' title='bbox 288 2565 392 2634; x_wconf 87' lang='lat' dir='ltr'><strong>locos,</strong></span> <span class='ocrx_word' id='word_1_235' title='bbox 415 2559 485 2645; x_wconf 87' lang='lat' dir='ltr'><strong>qui,</strong></span> <span class='ocrx_word' id='word_1_236' title='bbox 508 2567 545 2624; x_wconf 90' lang='lat' dir='ltr'><strong>ut</strong></span> <span class='ocrx_word' id='word_1_237' title='bbox 564 2558 685 2624; x_wconf 89' lang='lat' dir='ltr'><strong>litterae</strong></span> <span class='ocrx_word' id='word_1_238' title='bbox 707 2557 746 2622; x_wconf 91' lang='lat' dir='ltr'><strong>ad</strong></span> <span class='ocrx_word' id='word_1_239' title='bbox 769 2561 901 2623; x_wconf 86' lang='lat' dir='ltr'><strong>verbum</strong></span> <span class='ocrx_word' id='word_1_240' title='bbox 925 2558 1144 2637; x_wconf 89' lang='lat' dir='ltr'><strong>scribendum,</strong></span> <span class='ocrx_word' id='word_1_241' title='bbox 1168 2563 1214 2627; x_wconf 90' lang='lat' dir='ltr'><strong>sic</strong></span> <span class='ocrx_word' id='word_1_242' title='bbox 1234 2561 1279 2628; x_wconf 93' lang='lat' dir='ltr'><strong>illi</strong></span> <span class='ocrx_word' id='word_1_243' title='bbox 1300 2565 1339 2627; x_wconf 94' lang='lat' dir='ltr'><strong>ad</strong></span> <span class='ocrx_word' id='word_1_244' title='bbox 1361 2583 1491 2629; x_wconf 90' lang='lat' dir='ltr'><strong>causam</strong></span> 
     </span>
     <span class='ocr_line' id='line_1_26' title="bbox 127 2652 1491 2744; baseline 0.006 -28"><span class='ocrx_word' id='word_1_245' title='bbox 127 2657 380 2744; x_wconf 84' lang='lat' dir='ltr'><strong>asexplicandam</strong></span> <span class='ocrx_word' id='word_1_246' title='bbox 402 2653 504 2720; x_wconf 80' lang='lat' dir='ltr'><strong>statim</strong></span> <span class='ocrx_word' id='word_1_247' title='bbox 526 2660 703 2718; x_wconf 90' lang='lat' dir='ltr'><strong>occurrant.</strong></span> <span class='ocrx_word' id='word_1_248' title='bbox 750 2655 821 2718; x_wconf 83' lang='lat'><strong>131.</strong></span> <span class='ocrx_word' id='word_1_249' title='bbox 851 2655 913 2717; x_wconf 90' lang='lat' dir='ltr'><strong>Sed</strong></span> <span class='ocrx_word' id='word_1_250' title='bbox 935 2653 968 2717; x_wconf 90' lang='lat' dir='ltr'><strong>hi</strong></span> <span class='ocrx_word' id='word_1_251' title='bbox 990 2652 1050 2718; x_wconf 92' lang='lat' dir='ltr'><strong>loci</strong></span> <span class='ocrx_word' id='word_1_252' title='bbox 1072 2656 1102 2719; x_wconf 92' lang='lat' dir='ltr'><strong>ei</strong></span> <span class='ocrx_word' id='word_1_253' title='bbox 1124 2654 1249 2720; x_wconf 89' lang='lat' dir='ltr'><strong>demum</strong></span> <span class='ocrx_word' id='word_1_254' title='bbox 1272 2660 1392 2724; x_wconf 87' lang='lat' dir='ltr'><strong>oratori</strong></span> <span class='ocrx_word' id='word_1_255' title='bbox 1414 2680 1491 2742; x_wconf 88' lang='lat' dir='ltr'><strong>pro·</strong></span> 
     </span>
     <span class='ocr_line' id='line_1_27' title="bbox 166 2747 1490 2840; baseline 0.002 -22"><span class='ocrx_word' id='word_1_256' title='bbox 166 2751 256 2818; x_wconf 87' lang='lat' dir='ltr'><strong>desse</strong></span> <span class='ocrx_word' id='word_1_257' title='bbox 278 2758 423 2834; x_wconf 89' lang='lat' dir='ltr'><strong>possunt,</strong></span> <span class='ocrx_word' id='word_1_258' title='bbox 457 2748 512 2834; x_wconf 92' lang='lat' dir='ltr'><strong>qui</strong></span> <span class='ocrx_word' id='word_1_259' title='bbox 535 2756 582 2814; x_wconf 88' lang='lat' dir='ltr'><strong>cst</strong></span> <span class='ocrx_word' id='word_1_260' title='bbox 602 2754 743 2813; x_wconf 82' lang='lat' dir='ltr'><strong>versatus</strong></span> <span class='ocrx_word' id='word_1_261' title='bbox 763 2749 797 2811; x_wconf 91' lang='lat' dir='ltr'><strong>in</strong></span> <span class='ocrx_word' id='word_1_262' title='bbox 818 2750 913 2812; x_wconf 90' lang='lat' dir='ltr'><strong>rebus</strong></span> <span class='ocrx_word' id='word_1_263' title='bbox 934 2747 984 2812; x_wconf 87' lang='lat' dir='ltr'><strong>vel</strong></span> <span class='ocrx_word' id='word_1_264' title='bbox 1005 2770 1079 2825; x_wconf 89' lang='lat' dir='ltr'><strong>usu,</strong></span> <span class='ocrx_word' id='word_1_265' title='bbox 1114 2770 1209 2837; x_wconf 88' lang='lat' dir='ltr'><strong>quem</strong></span> <span class='ocrx_word' id='word_1_266' title='bbox 1238 2759 1323 2817; x_wconf 90' lang='lat' dir='ltr'><strong>actas</strong></span> <span class='ocrx_word' id='word_1_267' title='bbox 1352 2750 1490 2840; x_wconf 85' lang='lat' dir='ltr'><strong>denique</strong></span> 
     </span>
     <span class='ocr_line' id='line_1_28' title="bbox 166 2841 1488 2933; baseline 0.002 -21"><span class='ocrx_word' id='word_1_268' title='bbox 166 2845 273 2920; x_wconf 86' lang='lat' dir='ltr'><strong>affert,</strong></span> <span class='ocrx_word' id='word_1_269' title='bbox 302 2844 354 2911; x_wconf 87' lang='lat' dir='ltr'><strong>vel</strong></span> <span class='ocrx_word' id='word_1_270' title='bbox 374 2845 534 2909; x_wconf 85' lang='lat' dir='ltr'><strong>auditione</strong></span> <span class='ocrx_word' id='word_1_271' title='bbox 556 2851 589 2907; x_wconf 87' lang='lat' dir='ltr'><strong>et</strong></span> <span class='ocrx_word' id='word_1_272' title='bbox 609 2843 814 2927; x_wconf 87' lang='lat' dir='ltr'><strong>cogitatione,</strong></span> <span class='ocrx_word' id='word_1_273' title='bbox 844 2862 925 2926; x_wconf 89' lang='lat' dir='ltr'><strong>quac</strong></span> <span class='ocrx_word' id='word_1_274' title='bbox 948 2841 1052 2908; x_wconf 87' lang='lat' dir='ltr'><strong>studio</strong></span> <span class='ocrx_word' id='word_1_275' title='bbox 1074 2850 1106 2908; x_wconf 92' lang='lat' dir='ltr'><strong>et</strong></span> <span class='ocrx_word' id='word_1_276' title='bbox 1127 2845 1288 2931; x_wconf 91' lang='lat' dir='ltr'><strong>diligentia</strong></span> <span class='ocrx_word' id='word_1_277' title='bbox 1309 2851 1488 2933; x_wconf 89' lang='lat' dir='ltr'><strong>praecurrit</strong></span> 
     </span>
     <span class='ocr_line' id='line_1_29' title="bbox 166 2935 1491 3030; baseline 0.003 -25"><span class='ocrx_word' id='word_1_278' title='bbox 166 2948 309 3005; x_wconf 88' lang='lat' dir='ltr'><strong>aetatem.</strong></span> <span class='ocrx_word' id='word_1_279' title='bbox 352 2943 430 3003; x_wconf 81' lang='lat' dir='ltr'><strong>llam</strong></span> <span class='ocrx_word' id='word_1_280' title='bbox 453 2938 535 3002; x_wconf 92' lang='lat' dir='ltr'><strong>situ</strong></span> <span class='ocrx_word' id='word_1_281' title='bbox 557 2937 634 3001; x_wconf 92' lang='lat' dir='ltr'><strong>mihi</strong></span> <span class='ocrx_word' id='word_1_282' title='bbox 656 2939 797 3022; x_wconf 84' lang='lat' dir='ltr'><strong>quamvis</strong></span> <span class='ocrx_word' id='word_1_283' title='bbox 819 2935 975 3001; x_wconf 87' lang='lat' dir='ltr'><strong>eruditum</strong></span> <span class='ocrx_word' id='word_1_284' title='bbox 996 2940 1155 3003; x_wconf 91' lang='lat' dir='ltr'><strong>hominem</strong></span> <span class='ocrx_word' id='word_1_285' title='bbox 1171 2941 1356 3017; x_wconf 84' lang='lat' dir='ltr'><strong>adduxeris,</strong></span> <span class='ocrx_word' id='word_1_286' title='bbox 1381 2963 1491 3030; x_wconf 90' lang='lat' dir='ltr'><strong>quam·</strong></span> 
     </span>
     <span class='ocr_line' id='line_1_30' title="bbox 166 3030 1488 3122; baseline 0.003 -24"><span class='ocrx_word' id='word_1_287' title='bbox 166 3034 215 3100; x_wconf 85' lang='lat' dir='ltr'><strong>vis</strong></span> <span class='ocrx_word' id='word_1_288' title='bbox 228 3052 332 3098; x_wconf 90' lang='lat' dir='ltr'><strong>acrem</strong></span> <span class='ocrx_word' id='word_1_289' title='bbox 346 3039 377 3098; x_wconf 89' lang='lat' dir='ltr'><strong>ct</strong></span> <span class='ocrx_word' id='word_1_290' title='bbox 392 3040 515 3098; x_wconf 89' lang='lat' dir='ltr'><strong>acutum</strong></span> <span class='ocrx_word' id='word_1_291' title='bbox 530 3031 563 3095; x_wconf 93' lang='lat' dir='ltr'><strong>in</strong></span> <span class='ocrx_word' id='word_1_292' title='bbox 578 3032 764 3117; x_wconf 87' lang='lat' dir='ltr'><strong>cogitando,</strong></span> <span class='ocrx_word' id='word_1_293' title='bbox 789 3030 930 3115; x_wconf 87' lang='lat' dir='ltr'><strong>quamvis</strong></span> <span class='ocrx_word' id='word_1_294' title='bbox 952 3034 991 3096; x_wconf 89' lang='lat' dir='ltr'><strong>ad</strong></span> <span class='ocrx_word' id='word_1_295' title='bbox 1012 3033 1275 3115; x_wconf 90' lang='lat' dir='ltr'><strong>pronuntiandum</strong></span> <span class='ocrx_word' id='word_1_296' title='bbox 1295 3039 1488 3122; x_wconf 84' lang='lat' dir='ltr'><strong>expeditum,</strong></span> 
     </span>
     <span class='ocr_line' id='line_1_31' title="bbox 130 3124 1491 3210; baseline 0.001 -15"><span class='ocrx_word' id='word_1_297' title='bbox 130 3147 158 3188; x_wconf 79' lang='lat'><strong>³⁰</strong></span> <span class='ocrx_word' id='word_1_298' title='bbox 168 3132 194 3195; x_wconf 91' lang='lat' dir='ltr'><strong>si</strong></span> <span class='ocrx_word' id='word_1_299' title='bbox 217 3131 277 3195; x_wconf 89' lang='lat' dir='ltr'><strong>erit</strong></span> <span class='ocrx_word' id='word_1_300' title='bbox 297 3129 382 3194; x_wconf 90' lang='lat' dir='ltr'><strong>idem</strong></span> <span class='ocrx_word' id='word_1_301' title='bbox 403 3127 436 3191; x_wconf 91' lang='lat' dir='ltr'><strong>in</strong></span> <span class='ocrx_word' id='word_1_302' title='bbox 458 3125 684 3192; x_wconf 88' lang='lat' dir='ltr'><strong>cousuetudine</strong></span> <span class='ocrx_word' id='word_1_303' title='bbox 706 3124 854 3200; x_wconf 85' lang='lat' dir='ltr'><strong>civitatis,</strong></span> <span class='ocrx_word' id='word_1_304' title='bbox 877 3124 909 3188; x_wconf 92' lang='lat' dir='ltr'><strong>iu</strong></span> <span class='ocrx_word' id='word_1_305' title='bbox 932 3127 1101 3210; x_wconf 89' lang='lat' dir='ltr'><strong>exemplis,</strong></span> <span class='ocrx_word' id='word_1_306' title='bbox 1124 3129 1156 3192; x_wconf 93' lang='lat' dir='ltr'><strong>iu</strong></span> <span class='ocrx_word' id='word_1_307' title='bbox 1179 3129 1342 3202; x_wconf 86' lang='lat' dir='ltr'><strong>institutis,</strong></span> <span class='ocrx_word' id='word_1_308' title='bbox 1364 3133 1398 3195; x_wconf 93' lang='lat' dir='ltr'><strong>in</strong></span> <span class='ocrx_word' id='word_1_309' title='bbox 1421 3151 1491 3196; x_wconf 94' lang='lat' dir='ltr'><strong>mo·</strong></span> 
     </span>
     <span class='ocr_line' id='line_1_32' title="bbox 167 3220 1492 3308; baseline 0.001 -18"><span class='ocrx_word' id='word_1_310' title='bbox 167 3227 255 3291; x_wconf 87' lang='lat' dir='ltr'><strong>ribus</strong></span> <span class='ocrx_word' id='word_1_311' title='bbox 277 3245 313 3289; x_wconf 90' lang='lat' dir='ltr'><strong>ac</strong></span> <span class='ocrx_word' id='word_1_312' title='bbox 334 3221 546 3289; x_wconf 87' lang='lat' dir='ltr'><strong>voluntatibus</strong></span> <span class='ocrx_word' id='word_1_313' title='bbox 568 3220 683 3286; x_wconf 85' lang='lat' dir='ltr'><strong>civium</strong></span> <span class='ocrx_word' id='word_1_314' title='bbox 709 3240 838 3285; x_wconf 91' lang='lat' dir='ltr'><strong>suorum</strong></span> <span class='ocrx_word' id='word_1_315' title='bbox 863 3221 998 3303; x_wconf 90' lang='lat' dir='ltr'><strong>hospes,</strong></span> <span class='ocrx_word' id='word_1_316' title='bbox 1033 3242 1097 3287; x_wconf 91' lang='lat' dir='ltr'><strong>non</strong></span> <span class='ocrx_word' id='word_1_317' title='bbox 1124 3225 1256 3289; x_wconf 90' lang='lat' dir='ltr'><strong>multum</strong></span> <span class='ocrx_word' id='word_1_318' title='bbox 1279 3226 1309 3288; x_wconf 92' lang='lat' dir='ltr'><strong>ei</strong></span> <span class='ocrx_word' id='word_1_319' title='bbox 1331 3223 1394 3288; x_wconf 88' lang='lat' dir='ltr'><strong>loci</strong></span> <span class='ocrx_word' id='word_1_320' title='bbox 1415 3245 1492 3308; x_wconf 92' lang='lat' dir='ltr'><strong>pro-</strong></span> 
     </span>
     <span class='ocr_line' id='line_1_33' title="bbox 169 3317 1491 3403; baseline 0 -18"><span class='ocrx_word' id='word_1_321' title='bbox 169 3323 282 3385; x_wconf 89' lang='lat' dir='ltr'><strong>derunt</strong></span> <span class='ocrx_word' id='word_1_322' title='bbox 301 3317 364 3393; x_wconf 91' lang='lat' dir='ltr'><strong>illi,</strong></span> <span class='ocrx_word' id='word_1_323' title='bbox 388 3338 430 3382; x_wconf 89' lang='lat' dir='ltr'><strong>ex</strong></span> <span class='ocrx_word' id='word_1_324' title='bbox 452 3318 566 3402; x_wconf 90' lang='lat' dir='ltr'><strong>quibus</strong></span> <span class='ocrx_word' id='word_1_325' title='bbox 585 3323 769 3398; x_wconf 87' lang='lat' dir='ltr'><strong>argumenta</strong></span> <span class='ocrx_word' id='word_1_326' title='bbox 783 3323 982 3400; x_wconf 90' lang='lat' dir='ltr'><strong>promuntur.</strong></span> <span class='ocrx_word' id='word_1_327' title='bbox 1025 3318 1161 3383; x_wconf 90' lang='lat' dir='ltr'><strong>Subacto</strong></span> <span class='ocrx_word' id='word_1_328' title='bbox 1176 3317 1252 3383; x_wconf 90' lang='lat' dir='ltr'><strong>mihi</strong></span> <span class='ocrx_word' id='word_1_329' title='bbox 1265 3317 1392 3403; x_wconf 90' lang='lat' dir='ltr'><strong>ingenio</strong></span> <span class='ocrx_word' id='word_1_330' title='bbox 1408 3341 1491 3403; x_wconf 90' lang='lat' dir='ltr'><strong>opus</strong></span> 
     </span>
     <span class='ocr_line' id='line_1_34' title="bbox 169 3408 1490 3499; baseline 0.002 -21"><span class='ocrx_word' id='word_1_331' title='bbox 169 3419 234 3488; x_wconf 90' lang='lat' dir='ltr'><strong>est,</strong></span> <span class='ocrx_word' id='word_1_332' title='bbox 258 3418 292 3476; x_wconf 90' lang='lat' dir='ltr'><strong>ut</strong></span> <span class='ocrx_word' id='word_1_333' title='bbox 314 3432 390 3497; x_wconf 88' lang='lat' dir='ltr'><strong>agro</strong></span> <span class='ocrx_word' id='word_1_334' title='bbox 413 3432 478 3477; x_wconf 92' lang='lat' dir='ltr'><strong>non</strong></span> <span class='ocrx_word' id='word_1_335' title='bbox 498 3408 595 3475; x_wconf 89' lang='lat' dir='ltr'><strong>semel</strong></span> <span class='ocrx_word' id='word_1_336' title='bbox 617 3417 704 3475; x_wconf 86' lang='lat' dir='ltr'><strong>arato</strong></span> <span class='ocrx_word' id='word_1_337' title='bbox 726 3410 781 3473; x_wconf 89' lang='lat' dir='ltr'><strong>scd</strong></span> <span class='ocrx_word' id='word_1_338' title='bbox 802 3416 917 3475; x_wconf 83' lang='lat' dir='ltr'><strong>novato</strong></span> <span class='ocrx_word' id='word_1_339' title='bbox 941 3419 973 3474; x_wconf 87' lang='lat' dir='ltr'><strong>et</strong></span> <span class='ocrx_word' id='word_1_340' title='bbox 993 3409 1127 3487; x_wconf 89' lang='lat' dir='ltr'><strong>iterato,</strong></span> <span class='ocrx_word' id='word_1_341' title='bbox 1152 3431 1214 3499; x_wconf 89' lang='lat' dir='ltr'><strong>quo</strong></span> <span class='ocrx_word' id='word_1_342' title='bbox 1238 3412 1386 3479; x_wconf 85' lang='lat' dir='ltr'><strong>meliores</strong></span> <span class='ocrx_word' id='word_1_343' title='bbox 1407 3414 1490 3481; x_wconf 87' lang='lat' dir='ltr'><strong>fetus</strong></span> 
     </span>
     <span class='ocr_line' id='line_1_35' title="bbox 168 3505 1488 3591; baseline 0.002 -20"><span class='ocrx_word' id='word_1_344' title='bbox 168 3507 269 3591; x_wconf 90' lang='lat' dir='ltr'><strong>possit</strong></span> <span class='ocrx_word' id='word_1_345' title='bbox 290 3515 322 3571; x_wconf 90' lang='lat' dir='ltr'><strong>et</strong></span> <span class='ocrx_word' id='word_1_346' title='bbox 343 3508 526 3591; x_wconf 85' lang='lat' dir='ltr'><strong>grandiores</strong></span> <span class='ocrx_word' id='word_1_347' title='bbox 548 3508 655 3572; x_wconf 85' lang='lat' dir='ltr'><strong>edere.</strong></span> <span class='ocrx_word' id='word_1_348' title='bbox 701 3505 849 3570; x_wconf 77' lang='lat' dir='ltr'><strong>subactio</strong></span> <span class='ocrx_word' id='word_1_349' title='bbox 870 3511 976 3570; x_wconf 91' lang='lat' dir='ltr'><strong>autem</strong></span> <span class='ocrx_word' id='word_1_350' title='bbox 1004 3512 1052 3571; x_wconf 89' lang='lat' dir='ltr'><strong>est</strong></span> <span class='ocrx_word' id='word_1_351' title='bbox 1076 3526 1171 3582; x_wconf 89' lang='lat' dir='ltr'><strong>usus,</strong></span> <span class='ocrx_word' id='word_1_352' title='bbox 1205 3508 1342 3584; x_wconf 90' lang='lat' dir='ltr'><strong>auditio,</strong></span> <span class='ocrx_word' id='word_1_353' title='bbox 1375 3510 1488 3586; x_wconf 89' lang='lat' dir='ltr'><strong>lectio,</strong></span> 
     </span>
     <span class='ocr_line' id='line_1_36' title="bbox 132 3605 303 3672; baseline -0.023 0"><span class='ocrx_word' id='word_1_354' title='bbox 132 3629 160 3672; x_wconf 83' lang='lat' dir='ltr'><strong>as</strong></span> <span class='ocrx_word' id='word_1_355' title='bbox 169 3605 303 3670; x_wconf 85' lang='lat' dir='ltr'><strong>litterae.</strong></span> 
     </span>
    </p>

    <p class='ocr_par' dir='ltr' id='par_1_4' title="bbox 167 3696 1492 4067">
     <span class='ocr_line' id='line_1_37' title="bbox 257 3696 1490 3785; baseline 0.001 -22"><span class='ocrx_word' id='word_1_356' title='bbox 257 3701 328 3766; x_wconf 84' lang='grc'><strong>132.</strong></span> <span class='ocrx_word' id='word_1_357' title='bbox 366 3700 412 3762; x_wconf 88' lang='lat' dir='ltr'><strong>llc</strong></span> <span class='ocrx_word' id='word_1_358' title='bbox 442 3700 579 3785; x_wconf 91' lang='lat' dir='ltr'><strong>primum</strong></span> <span class='ocrx_word' id='word_1_359' title='bbox 610 3703 755 3762; x_wconf 90' lang='lat' dir='ltr'><strong>naturam</strong></span> <span class='ocrx_word' id='word_1_360' title='bbox 786 3715 899 3763; x_wconf 90' lang='lat' dir='ltr'><strong>causae</strong></span> <span class='ocrx_word' id='word_1_361' title='bbox 930 3696 1055 3771; x_wconf 85' lang='lat' dir='ltr'><strong>videat,</strong></span> <span class='ocrx_word' id='word_1_362' title='bbox 1094 3714 1174 3780; x_wconf 91' lang='lat' dir='ltr'><strong>quae</strong></span> <span class='ocrx_word' id='word_1_363' title='bbox 1204 3716 1362 3783; x_wconf 88' lang='lat' dir='ltr'><strong>nunquam</strong></span> <span class='ocrx_word' id='word_1_364' title='bbox 1398 3698 1490 3776; x_wconf 88' lang='lat' dir='ltr'><strong>latet,</strong></span> 
     </span>
     <span class='ocr_line' id='line_1_38' title="bbox 167 3788 1490 3879; baseline 0 -21"><span class='ocrx_word' id='word_1_365' title='bbox 167 3795 325 3858; x_wconf 84' lang='lat' dir='ltr'><strong>factumne</strong></span> <span class='ocrx_word' id='word_1_366' title='bbox 346 3791 406 3868; x_wconf 89' lang='lat' dir='ltr'><strong>sit,</strong></span> <span class='ocrx_word' id='word_1_367' title='bbox 429 3801 616 3879; x_wconf 89' lang='lat' dir='ltr'><strong>quaeratur,</strong></span> <span class='ocrx_word' id='word_1_368' title='bbox 639 3812 697 3867; x_wconf 91' lang='lat' dir='ltr'><strong>an,</strong></span> <span class='ocrx_word' id='word_1_369' title='bbox 721 3793 815 3876; x_wconf 90' lang='lat' dir='ltr'><strong>quale</strong></span> <span class='ocrx_word' id='word_1_370' title='bbox 837 3791 895 3866; x_wconf 90' lang='lat' dir='ltr'><strong>sit,</strong></span> <span class='ocrx_word' id='word_1_371' title='bbox 919 3811 975 3866; x_wconf 91' lang='lat' dir='ltr'><strong>an,</strong></span> <span class='ocrx_word' id='word_1_372' title='bbox 1010 3788 1094 3875; x_wconf 93' lang='lat' dir='ltr'><strong>quod</strong></span> <span class='ocrx_word' id='word_1_373' title='bbox 1116 3809 1231 3856; x_wconf 90' lang='lat' dir='ltr'><strong>nomen</strong></span> <span class='ocrx_word' id='word_1_374' title='bbox 1253 3794 1386 3870; x_wconf 82' lang='lat' dir='ltr'><strong>habeat3</strong></span> <span class='ocrx_word' id='word_1_375' title='bbox 1424 3813 1490 3878; x_wconf 90' lang='lat' dir='ltr'><strong>quo</strong></span> 
     </span>
     <span class='ocr_line' id='line_1_39' title="bbox 168 3882 1492 3976; baseline 0.001 -23"><span class='ocrx_word' id='word_1_376' title='bbox 168 3895 356 3976; x_wconf 88' lang='lat' dir='ltr'><strong>perspecto,</strong></span> <span class='ocrx_word' id='word_1_377' title='bbox 394 3888 495 3952; x_wconf 86' lang='lat' dir='ltr'><strong>statim</strong></span> <span class='ocrx_word' id='word_1_378' title='bbox 527 3888 820 3952; x_wconf 89' lang='lat' dir='ltr'><strong>occurritnaturali</strong></span> <span class='ocrx_word' id='word_1_379' title='bbox 841 3882 976 3971; x_wconf 88' lang='lat' dir='ltr'><strong>quadam</strong></span> <span class='ocrx_word' id='word_1_380' title='bbox 997 3886 1179 3968; x_wconf 87' lang='lat' dir='ltr'><strong>prudentia,</strong></span> <span class='ocrx_word' id='word_1_381' title='bbox 1215 3906 1281 3950; x_wconf 89' lang='lat' dir='ltr'><strong>non</strong></span> <span class='ocrx_word' id='word_1_382' title='bbox 1302 3884 1350 3956; x_wconf 86' lang='lat' dir='ltr'><strong>his</strong></span> <span class='ocrx_word' id='word_1_383' title='bbox 1373 3889 1492 3954; x_wconf 89' lang='lat' dir='ltr'><strong>subdu-</strong></span> 
     </span>
     <span class='ocr_line' id='line_1_40' title="bbox 170 3977 1489 4067; baseline 0 -21"><span class='ocrx_word' id='word_1_384' title='bbox 170 3979 341 4055; x_wconf 87' lang='lat' dir='ltr'><strong>ctionihus,</strong></span> <span class='ocrx_word' id='word_1_385' title='bbox 377 4001 454 4067; x_wconf 86' lang='lat' dir='ltr'><strong>quas</strong></span> <span class='ocrx_word' id='word_1_386' title='bbox 482 3982 533 4046; x_wconf 92' lang='lat' dir='ltr'><strong>isti</strong></span> <span class='ocrx_word' id='word_1_387' title='bbox 563 3980 692 4056; x_wconf 91' lang='lat' dir='ltr'><strong>docent,</strong></span> <span class='ocrx_word' id='word_1_388' title='bbox 727 3983 803 4067; x_wconf 93' lang='lat' dir='ltr'><strong>quid</strong></span> <span class='ocrx_word' id='word_1_389' title='bbox 823 3980 918 4046; x_wconf 89' lang='lat' dir='ltr'><strong>faciat</strong></span> <span class='ocrx_word' id='word_1_390' title='bbox 938 3999 1082 4055; x_wconf 89' lang='lat' dir='ltr'><strong>causam,</strong></span> <span class='ocrx_word' id='word_1_391' title='bbox 1116 3977 1234 4055; x_wconf 92' lang='lat' dir='ltr'><strong>idest,</strong></span> <span class='ocrx_word' id='word_1_392' title='bbox 1273 4001 1336 4066; x_wconf 91' lang='lat' dir='ltr'><strong>quo</strong></span> <span class='ocrx_word' id='word_1_393' title='bbox 1360 3983 1489 4047; x_wconf 86' lang='lat' dir='ltr'><strong>sublato</strong></span> 
     </span>
    </p>
   </div>
   <div class='ocr_carea' id='block_1_4' title="bbox 168 4186 1492 4959">
    <p class='ocr_par' dir='ltr' id='par_1_5' title="bbox 168 4186 1492 4959">
     <span class='ocr_line' id='line_1_41' title="bbox 239 4186 1491 4255; baseline -0.001 -13"><span class='ocrx_word' id='word_1_394' title='bbox 239 4192 266 4243; x_wconf 89' lang='lat'><strong>1.</strong></span> <span class='ocrx_word' id='word_1_395' title='bbox 283 4196 346 4241; x_wconf 82' lang='lat' dir='ltr'><strong>sunt</strong></span> <span class='ocrx_word' id='word_1_396' title='bbox 364 4190 447 4242; x_wconf 87' lang='lat' dir='ltr'><strong>Codd.</strong></span> <span class='ocrx_word' id='word_1_397' title='bbox 467 4191 522 4251; x_wconf 81' lang='lat' dir='ltr'><strong>ul.,</strong></span> <span class='ocrx_word' id='word_1_398' title='bbox 542 4191 573 4241; x_wconf 91' lang='grc' dir='ltr'><strong>Β.</strong></span> <span class='ocrx_word' id='word_1_399' title='bbox 594 4188 722 4255; x_wconf 82' lang='lat' dir='ltr'><strong>(lituos,</strong></span> <span class='ocrx_word' id='word_1_400' title='bbox 740 4187 810 4247; x_wconf 80' lang='grc' dir='ltr'><strong>ΑΒ.)</strong></span> <span class='ocrx_word' id='word_1_401' title='bbox 830 4215 859 4227; x_wconf 95' lang='grc'><strong>-</strong></span> <span class='ocrx_word' id='word_1_402' title='bbox 882 4187 956 4250; x_wconf 84' lang='lat' dir='ltr'><strong>Quos</strong></span> <span class='ocrx_word' id='word_1_403' title='bbox 974 4202 1027 4240; x_wconf 86' lang='lat' dir='ltr'><strong>om.</strong></span> <span class='ocrx_word' id='word_1_404' title='bbox 1046 4186 1102 4239; x_wconf 80' lang='grc' dir='ltr'><strong>ΑΒ.</strong></span> <span class='ocrx_word' id='word_1_405' title='bbox 1126 4210 1153 4222; x_wconf 90' lang='grc'>-</span> <span class='ocrx_word' id='word_1_406' title='bbox 1174 4188 1200 4237; x_wconf 84' lang='lat' dir='ltr'><strong>il.</strong></span> <span class='ocrx_word' id='word_1_407' title='bbox 1221 4201 1239 4237; x_wconf 86' lang='lat' dir='ltr'><strong>a</strong></span> <span class='ocrx_word' id='word_1_408' title='bbox 1257 4188 1332 4239; x_wconf 68' lang='lat' dir='ltr'><strong>tad.</strong></span> <span class='ocrx_word' id='word_1_409' title='bbox 1354 4215 1383 4227; x_wconf 93' lang='lat'><em>-</em></span> <span class='ocrx_word' id='word_1_410' title='bbox 1401 4190 1491 4252; x_wconf 84' lang='lat' dir='ltr'><strong>plero-</strong></span> 
     </span>
     <span class='ocr_line' id='line_1_42' title="bbox 169 4257 1491 4327; baseline -0.002 -14"><span class='ocrx_word' id='word_1_411' title='bbox 169 4276 220 4327; x_wconf 85' lang='lat' dir='ltr'><strong>qus</strong></span> <span class='ocrx_word' id='word_1_412' title='bbox 236 4264 270 4313; x_wconf 93' lang='grc' dir='ltr'><strong>Β.</strong></span> <span class='ocrx_word' id='word_1_413' title='bbox 288 4287 322 4297; x_wconf 91' lang='grc'>-</span> <span class='ocrx_word' id='word_1_414' title='bbox 340 4263 367 4313; x_wconf 90' lang='lat'><strong>5.</strong></span> <span class='ocrx_word' id='word_1_415' title='bbox 387 4262 473 4327; x_wconf 79' lang='lat' dir='ltr'><strong>iuquit</strong></span> <span class='ocrx_word' id='word_1_416' title='bbox 490 4262 513 4311; x_wconf 76' lang='grc'><strong>,1</strong></span> <span class='ocrx_word' id='word_1_417' title='bbox 531 4262 648 4326; x_wconf 79' lang='lat' dir='ltr'><strong>alllquer</strong></span> <span class='ocrx_word' id='word_1_418' title='bbox 668 4263 755 4324; x_wconf 80' lang='lat' dir='ltr'><strong>iuquit</strong></span> <span class='ocrx_word' id='word_1_419' title='bbox 773 4262 904 4311; x_wconf 76' lang='lat' dir='ltr'><strong>Autoutus</strong></span> <span class='ocrx_word' id='word_1_420' title='bbox 920 4257 967 4323; x_wconf 77' lang='grc' dir='ltr'><strong>(Β)</strong></span> <span class='ocrx_word' id='word_1_421' title='bbox 986 4260 1040 4310; x_wconf 83' lang='grc' dir='ltr'><strong>ΒΕ.</strong></span> <span class='ocrx_word' id='word_1_422' title='bbox 1063 4284 1091 4296; x_wconf 96' lang='grc'>-</span> <span class='ocrx_word' id='word_1_423' title='bbox 1119 4263 1144 4309; x_wconf 84' lang='lat' dir='ltr'><strong>st</strong></span> <span class='ocrx_word' id='word_1_424' title='bbox 1161 4260 1230 4321; x_wconf 86' lang='lat' dir='ltr'><strong>quod</strong></span> <span class='ocrx_word' id='word_1_425' title='bbox 1248 4260 1279 4310; x_wconf 94' lang='grc' dir='ltr'><strong>Β.</strong></span> <span class='ocrx_word' id='word_1_426' title='bbox 1301 4285 1330 4297; x_wconf 95' lang='grc'><strong>-</strong></span> <span class='ocrx_word' id='word_1_427' title='bbox 1358 4259 1385 4310; x_wconf 79' lang='grc'><strong>7.</strong></span> <span class='ocrx_word' id='word_1_428' title='bbox 1404 4262 1491 4322; x_wconf 72' lang='lat' dir='ltr'><strong>ussus</strong></span> 
     </span>
     <span class='ocr_line' id='line_1_43' title="bbox 168 4329 1491 4394; baseline 0 -10"><span class='ocrx_word' id='word_1_429' title='bbox 168 4337 246 4385; x_wconf 66' lang='lat' dir='ltr'><strong>ullus</strong></span> <span class='ocrx_word' id='word_1_430' title='bbox 264 4334 295 4384; x_wconf 91' lang='grc' dir='ltr'><strong>Β.</strong></span> <span class='ocrx_word' id='word_1_431' title='bbox 318 4357 348 4370; x_wconf 93' lang='grc'>-</span> <span class='ocrx_word' id='word_1_432' title='bbox 379 4333 426 4384; x_wconf 80' lang='lat' dir='ltr'><strong>Vr.</strong></span> <span class='ocrx_word' id='word_1_433' title='bbox 446 4334 475 4382; x_wconf 84' lang='lat' dir='ltr'><strong>iu</strong></span> <span class='ocrx_word' id='word_1_434' title='bbox 493 4332 601 4383; x_wconf 76' lang='lat' dir='ltr'><strong>diceudo</strong></span> <span class='ocrx_word' id='word_1_435' title='bbox 620 4345 726 4394; x_wconf 86' lang='lat' dir='ltr'><strong>prorsus</strong></span> <span class='ocrx_word' id='word_1_436' title='bbox 746 4335 842 4383; x_wconf 85' lang='lat' dir='ltr'><strong>omlttlt</strong></span> <span class='ocrx_word' id='word_1_437' title='bbox 859 4332 901 4391; x_wconf 71' lang='lat' dir='ltr'><strong>A,</strong></span> <span class='ocrx_word' id='word_1_438' title='bbox 928 4334 950 4381; x_wconf 91' lang='lat' dir='ltr'><strong>sl</strong></span> <span class='ocrx_word' id='word_1_439' title='bbox 976 4331 1040 4382; x_wconf 87' lang='lat' dir='ltr'><strong>fides</strong></span> <span class='ocrx_word' id='word_1_440' title='bbox 1066 4329 1200 4391; x_wconf 82' lang='lat' dir='ltr'><strong>collatori,</strong></span> <span class='ocrx_word' id='word_1_441' title='bbox 1228 4336 1289 4381; x_wconf 81' lang='lat' dir='ltr'><strong>unte</strong></span> <span class='ocrx_word' id='word_1_442' title='bbox 1313 4344 1337 4382; x_wconf 83' lang='lat' dir='ltr'><strong>v.</strong></span> <span class='ocrx_word' id='word_1_443' title='bbox 1358 4333 1491 4384; x_wconf 69' lang='lat' dir='ltr'><strong>orationes</strong></span> 
     </span>
     <span class='ocr_line' id='line_1_44' title="bbox 170 4401 1492 4466; baseline 0 -12"><span class='ocrx_word' id='word_1_444' title='bbox 170 4410 273 4466; x_wconf 79' lang='lat' dir='ltr'><strong>ponunt</strong></span> <span class='ocrx_word' id='word_1_445' title='bbox 290 4404 344 4455; x_wconf 92' lang='grc' dir='ltr'><strong>ΒΒ.</strong></span> <span class='ocrx_word' id='word_1_446' title='bbox 364 4403 418 4454; x_wconf 84' lang='lat' dir='ltr'><strong>Nos</strong></span> <span class='ocrx_word' id='word_1_447' title='bbox 436 4403 602 4455; x_wconf 87' lang='lat' dir='ltr'><strong>secluslmus.</strong></span> <span class='ocrx_word' id='word_1_448' title='bbox 616 4428 648 4438; x_wconf 92' lang='lat'>—</span> <span class='ocrx_word' id='word_1_449' title='bbox 668 4402 711 4454; x_wconf 82' lang='lat'><strong>1³.</strong></span> <span class='ocrx_word' id='word_1_450' title='bbox 731 4402 765 4452; x_wconf 82' lang='lat' dir='ltr'><strong>od</strong></span> <span class='ocrx_word' id='word_1_451' title='bbox 783 4405 867 4453; x_wconf 78' lang='lat' dir='ltr'><strong>culmi</strong></span> <span class='ocrx_word' id='word_1_452' title='bbox 885 4401 917 4452; x_wconf 78' lang='grc' dir='ltr'><strong>Α.</strong></span> <span class='ocrx_word' id='word_1_453' title='bbox 938 4426 967 4438; x_wconf 97' lang='grc'>-</span> <span class='ocrx_word' id='word_1_454' title='bbox 987 4403 1016 4452; x_wconf 85' lang='lat' dir='ltr'><strong>tu</strong></span> <span class='ocrx_word' id='word_1_455' title='bbox 1034 4413 1086 4450; x_wconf 91' lang='lat' dir='ltr'><strong>om.</strong></span> <span class='ocrx_word' id='word_1_456' title='bbox 1101 4401 1131 4450; x_wconf 91' lang='grc' dir='ltr'><strong>Β.</strong></span> <span class='ocrx_word' id='word_1_457' title='bbox 1149 4424 1175 4436; x_wconf 88' lang='grc'>-</span> <span class='ocrx_word' id='word_1_458' title='bbox 1198 4401 1240 4453; x_wconf 87' lang='lat' dir='ltr'><strong>ld.</strong></span> <span class='ocrx_word' id='word_1_459' title='bbox 1261 4406 1285 4450; x_wconf 81' lang='lat' dir='ltr'><strong>et</strong></span> <span class='ocrx_word' id='word_1_460' title='bbox 1303 4402 1393 4450; x_wconf 80' lang='lat' dir='ltr'><strong>auimo</strong></span> <span class='ocrx_word' id='word_1_461' title='bbox 1412 4405 1492 4466; x_wconf 73' lang='lat' dir='ltr'><strong>quoni</strong></span> 
     </span>
     <span class='ocr_line' id='line_1_45' title="bbox 168 4471 1490 4526; baseline -0.001 -1"><span class='ocrx_word' id='word_1_462' title='bbox 168 4479 263 4526; x_wconf 80' lang='lat' dir='ltr'><strong>uoluta</strong></span> <span class='ocrx_word' id='word_1_463' title='bbox 281 4488 334 4526; x_wconf 88' lang='lat' dir='ltr'><strong>om.</strong></span> <span class='ocrx_word' id='word_1_464' title='bbox 354 4474 409 4526; x_wconf 85' lang='grc' dir='ltr'><strong>ΑΒ.</strong></span> <span class='ocrx_word' id='word_1_465' title='bbox 431 4498 461 4511; x_wconf 95' lang='grc'><strong>-</strong></span> <span class='ocrx_word' id='word_1_466' title='bbox 490 4479 586 4525; x_wconf 80' lang='lat' dir='ltr'><strong>notato</strong></span> <span class='ocrx_word' id='word_1_467' title='bbox 603 4473 696 4524; x_wconf 76' lang='lat' dir='ltr'><strong>dudm</strong></span> <span class='ocrx_word' id='word_1_468' title='bbox 715 4472 799 4523; x_wconf 85' lang='lat' dir='ltr'><strong>Codd.</strong></span> <span class='ocrx_word' id='word_1_469' title='bbox 819 4473 874 4524; x_wconf 80' lang='lat' dir='ltr'><strong>al:</strong></span> <span class='ocrx_word' id='word_1_470' title='bbox 894 4471 987 4523; x_wconf 75' lang='lat' dir='ltr'><strong>dudm</strong></span> <span class='ocrx_word' id='word_1_471' title='bbox 1003 4476 1099 4522; x_wconf 82' lang='lat' dir='ltr'><strong>uororo</strong></span> <span class='ocrx_word' id='word_1_472' title='bbox 1117 4471 1172 4522; x_wconf 81' lang='lat' dir='ltr'><strong>llll.</strong></span> <span class='ocrx_word' id='word_1_473' title='bbox 1192 4497 1226 4506; x_wconf 98' lang='lat'>—</span> <span class='ocrx_word' id='word_1_474' title='bbox 1255 4472 1299 4523; x_wconf 82' lang='lat'><strong>17.</strong></span> <span class='ocrx_word' id='word_1_475' title='bbox 1318 4479 1439 4522; x_wconf 79' lang='lat' dir='ltr'><strong>mouente</strong></span> <span class='ocrx_word' id='word_1_476' title='bbox 1457 4475 1490 4525; x_wconf 91' lang='grc' dir='ltr'><strong>Β.</strong></span> 
     </span>
     <span class='ocr_line' id='line_1_46' title="bbox 171 4541 1489 4608; baseline 0.002 -14"><span class='ocrx_word' id='word_1_477' title='bbox 171 4570 201 4583; x_wconf 96' lang='grc'><strong>-</strong></span> <span class='ocrx_word' id='word_1_478' title='bbox 222 4544 313 4596; x_wconf 78' lang='lat' dir='ltr'><strong>Crustu</strong></span> <span class='ocrx_word' id='word_1_479' title='bbox 330 4545 406 4596; x_wconf 85' lang='lat' dir='ltr'><strong>Leld.</strong></span> <span class='ocrx_word' id='word_1_480' title='bbox 426 4545 540 4608; x_wconf 72' lang='lat' dir='ltr'><strong>allique:</strong></span> <span class='ocrx_word' id='word_1_481' title='bbox 560 4545 591 4596; x_wconf 78' lang='lat' dir='ltr'><strong>l.</strong></span> <span class='ocrx_word' id='word_1_482' title='bbox 612 4544 704 4596; x_wconf 80' lang='lat' dir='ltr'><strong>Crasse</strong></span> <span class='ocrx_word' id='word_1_483' title='bbox 722 4543 810 4605; x_wconf 88' lang='grc' dir='ltr'><strong>ΒΒΒ,</strong></span> <span class='ocrx_word' id='word_1_484' title='bbox 830 4545 860 4594; x_wconf 80' lang='lat' dir='ltr'><strong>L.</strong></span> <span class='ocrx_word' id='word_1_485' title='bbox 881 4542 975 4593; x_wconf 76' lang='lat' dir='ltr'><strong>Croeso</strong></span> <span class='ocrx_word' id='word_1_486' title='bbox 993 4542 1026 4593; x_wconf 77' lang='grc' dir='ltr'><strong>Α.</strong></span> <span class='ocrx_word' id='word_1_487' title='bbox 1047 4567 1079 4578; x_wconf 95' lang='grc'>-</span> <span class='ocrx_word' id='word_1_488' title='bbox 1107 4541 1150 4592; x_wconf 83' lang='grc'><strong>12.</strong></span> <span class='ocrx_word' id='word_1_489' title='bbox 1169 4544 1261 4605; x_wconf 78' lang='lat' dir='ltr'><strong>cupito</strong></span> <span class='ocrx_word' id='word_1_490' title='bbox 1279 4556 1311 4592; x_wconf 88' lang='lat' dir='ltr'><strong>su</strong></span> <span class='ocrx_word' id='word_1_491' title='bbox 1327 4543 1350 4592; x_wconf 76' lang='grc' dir='ltr'>Α</span> <span class='ocrx_word' id='word_1_492' title='bbox 1368 4543 1489 4606; x_wconf 76' lang='lat' dir='ltr'><strong>altique:</strong></span> 
     </span>
     <span class='ocr_line' id='line_1_47' title="bbox 170 4609 1492 4682; baseline 0.001 -17"><span class='ocrx_word' id='word_1_493' title='bbox 170 4628 201 4665; x_wconf 86' lang='lat' dir='ltr'><strong>ea</strong></span> <span class='ocrx_word' id='word_1_494' title='bbox 219 4617 308 4678; x_wconf 75' lang='lat' dir='ltr'><strong>cupito</strong></span> <span class='ocrx_word' id='word_1_495' title='bbox 326 4614 389 4675; x_wconf 82' lang='lat' dir='ltr'><strong>(Bt)</strong></span> <span class='ocrx_word' id='word_1_496' title='bbox 407 4616 465 4666; x_wconf 81' lang='grc' dir='ltr'><strong>ΒΕ.</strong></span> <span class='ocrx_word' id='word_1_497' title='bbox 487 4640 518 4652; x_wconf 92' lang='grc'>-</span> <span class='ocrx_word' id='word_1_498' title='bbox 546 4615 590 4666; x_wconf 88' lang='grc'><strong>25.</strong></span> <span class='ocrx_word' id='word_1_499' title='bbox 610 4615 792 4678; x_wconf 75' lang='lat' dir='ltr'><strong>suplicandum</strong></span> <span class='ocrx_word' id='word_1_500' title='bbox 810 4614 865 4664; x_wconf 82' lang='grc' dir='ltr'><strong>ΑΒ.</strong></span> <span class='ocrx_word' id='word_1_501' title='bbox 888 4640 917 4651; x_wconf 96' lang='grc'>-</span> <span class='ocrx_word' id='word_1_502' title='bbox 945 4616 969 4665; x_wconf 79' lang='lat' dir='ltr'><strong>ai</strong></span> <span class='ocrx_word' id='word_1_503' title='bbox 985 4609 1096 4677; x_wconf 81' lang='lat' dir='ltr'><strong>demum]</strong></span> <span class='ocrx_word' id='word_1_504' title='bbox 1117 4613 1198 4662; x_wconf 83' lang='lat' dir='ltr'><strong>eldam</strong></span> <span class='ocrx_word' id='word_1_505' title='bbox 1217 4614 1258 4663; x_wconf 82' lang='lat' dir='ltr'><strong>uel</strong></span> <span class='ocrx_word' id='word_1_506' title='bbox 1276 4614 1321 4682; x_wconf 57' lang='grc' dir='ltr'><strong>Β.</strong></span> <span class='ocrx_word' id='word_1_507' title='bbox 1336 4638 1364 4649; x_wconf 96' lang='grc'>-</span> <span class='ocrx_word' id='word_1_508' title='bbox 1396 4613 1441 4664; x_wconf 78' lang='grc'><strong>26.</strong></span> <span class='ocrx_word' id='word_1_509' title='bbox 1460 4616 1492 4666; x_wconf 66' lang='lat' dir='ltr'><strong>fn</strong></span> 
     </span>
     <span class='ocr_line' id='line_1_48' title="bbox 169 4682 1489 4753; baseline 0.002 -20"><span class='ocrx_word' id='word_1_510' title='bbox 169 4697 259 4734; x_wconf 82' lang='lat' dir='ltr'><strong>rerum</strong></span> <span class='ocrx_word' id='word_1_511' title='bbox 275 4685 316 4735; x_wconf 83' lang='lat' dir='ltr'><strong>vel</strong></span> <span class='ocrx_word' id='word_1_512' title='bbox 331 4700 381 4737; x_wconf 82' lang='lat' dir='ltr'><strong>usu</strong></span> <span class='ocrx_word' id='word_1_513' title='bbox 399 4685 454 4736; x_wconf 79' lang='grc' dir='ltr'><strong>ΑΒ.</strong></span> <span class='ocrx_word' id='word_1_514' title='bbox 476 4710 506 4723; x_wconf 96' lang='grc'><strong>-</strong></span> <span class='ocrx_word' id='word_1_515' title='bbox 525 4685 570 4736; x_wconf 80' lang='grc'><strong>27.</strong></span> <span class='ocrx_word' id='word_1_516' title='bbox 590 4686 682 4753; x_wconf 72' lang='lat' dir='ltr'><strong>afferet</strong></span> <span class='ocrx_word' id='word_1_517' title='bbox 700 4685 733 4734; x_wconf 81' lang='grc' dir='ltr'><strong>Α.</strong></span> <span class='ocrx_word' id='word_1_518' title='bbox 754 4708 784 4721; x_wconf 93' lang='lat'>-</span> <span class='ocrx_word' id='word_1_519' title='bbox 803 4686 987 4748; x_wconf 77' lang='lat' dir='ltr'><strong>praecucurrit</strong></span> <span class='ocrx_word' id='word_1_520' title='bbox 999 4684 1031 4734; x_wconf 77' lang='grc' dir='ltr'><strong>Α.</strong></span> <span class='ocrx_word' id='word_1_521' title='bbox 1049 4709 1078 4720; x_wconf 96' lang='grc'>-</span> <span class='ocrx_word' id='word_1_522' title='bbox 1099 4682 1142 4733; x_wconf 84' lang='lat'><strong>³0.</strong></span> <span class='ocrx_word' id='word_1_523' title='bbox 1160 4685 1190 4733; x_wconf 80' lang='lat' dir='ltr'><strong>iu</strong></span> <span class='ocrx_word' id='word_1_524' title='bbox 1207 4692 1268 4735; x_wconf 82' lang='lat' dir='ltr'><strong>ants</strong></span> <span class='ocrx_word' id='word_1_525' title='bbox 1286 4684 1418 4735; x_wconf 80' lang='lat' dir='ltr'><strong>institutis</strong></span> <span class='ocrx_word' id='word_1_526' title='bbox 1434 4697 1489 4736; x_wconf 85' lang='lat' dir='ltr'><strong>om.</strong></span> 
     </span>
     <span class='ocr_line' id='line_1_49' title="bbox 169 4751 1491 4820; baseline 0 -15"><span class='ocrx_word' id='word_1_527' title='bbox 169 4755 203 4805; x_wconf 88' lang='grc' dir='ltr'><strong>Β.</strong></span> <span class='ocrx_word' id='word_1_528' title='bbox 225 4779 255 4791; x_wconf 92' lang='grc'><strong>-</strong></span> <span class='ocrx_word' id='word_1_529' title='bbox 286 4755 330 4805; x_wconf 77' lang='grc'><strong>33.</strong></span> <span class='ocrx_word' id='word_1_530' title='bbox 349 4764 448 4808; x_wconf 83' lang='lat' dir='ltr'><strong>uocato</strong></span> <span class='ocrx_word' id='word_1_531' title='bbox 466 4771 520 4808; x_wconf 91' lang='lat' dir='ltr'><strong>om.</strong></span> <span class='ocrx_word' id='word_1_532' title='bbox 539 4758 579 4815; x_wconf 77' lang='grc' dir='ltr'><strong>Α,</strong></span> <span class='ocrx_word' id='word_1_533' title='bbox 609 4757 655 4806; x_wconf 83' lang='lat' dir='ltr'><strong>ssd</strong></span> <span class='ocrx_word' id='word_1_534' title='bbox 672 4761 770 4806; x_wconf 84' lang='lat' dir='ltr'><strong>uocato</strong></span> <span class='ocrx_word' id='word_1_535' title='bbox 788 4769 841 4807; x_wconf 91' lang='lat' dir='ltr'><strong>om.</strong></span> <span class='ocrx_word' id='word_1_536' title='bbox 862 4757 883 4806; x_wconf 91' lang='grc' dir='ltr'><strong>Β</strong></span> <span class='ocrx_word' id='word_1_537' title='bbox 902 4752 951 4820; x_wconf 85' lang='lat' dir='ltr'><strong>(sle</strong></span> <span class='ocrx_word' id='word_1_538' title='bbox 969 4758 995 4805; x_wconf 88' lang='lat' dir='ltr'><strong>tn</strong></span> <span class='ocrx_word' id='word_1_539' title='bbox 1015 4754 1198 4805; x_wconf 81' lang='lat' dir='ltr'><strong>collatlonllrus</strong></span> <span class='ocrx_word' id='word_1_540' title='bbox 1222 4751 1317 4816; x_wconf 75' lang='lat' dir='ltr'><strong>meles)</strong></span> <span class='ocrx_word' id='word_1_541' title='bbox 1345 4761 1446 4805; x_wconf 84' lang='lat' dir='ltr'><strong>uouoto</strong></span> <span class='ocrx_word' id='word_1_542' title='bbox 1465 4759 1491 4805; x_wconf 83' lang='lat' dir='ltr'><strong>st</strong></span> 
     </span>
     <span class='ocr_line' id='line_1_50' title="bbox 170 4822 1492 4890; baseline 0.003 -15"><span class='ocrx_word' id='word_1_543' title='bbox 170 4824 281 4876; x_wconf 84' lang='lat' dir='ltr'><strong>secluslt</strong></span> <span class='ocrx_word' id='word_1_544' title='bbox 299 4825 412 4876; x_wconf 81' lang='lat' dir='ltr'><strong>Ellendt.</strong></span> <span class='ocrx_word' id='word_1_545' title='bbox 435 4852 463 4864; x_wconf 91' lang='lat'><em>-</em></span> <span class='ocrx_word' id='word_1_546' title='bbox 484 4827 527 4878; x_wconf 83' lang='lat'><strong>³8.</strong></span> <span class='ocrx_word' id='word_1_547' title='bbox 544 4825 658 4890; x_wconf 71' lang='lat' dir='ltr'><strong>perfecto</strong></span> <span class='ocrx_word' id='word_1_548' title='bbox 677 4827 710 4878; x_wconf 90' lang='grc' dir='ltr'><strong>Β.</strong></span> <span class='ocrx_word' id='word_1_549' title='bbox 730 4849 762 4864; x_wconf 90' lang='grc'>-</span> <span class='ocrx_word' id='word_1_550' title='bbox 790 4827 825 4877; x_wconf 76' lang='lat' dir='ltr'><strong>fir</strong></span> <span class='ocrx_word' id='word_1_551' title='bbox 841 4827 873 4877; x_wconf 84' lang='lat' dir='ltr'><strong>B.</strong></span> <span class='ocrx_word' id='word_1_552' title='bbox 892 4851 924 4863; x_wconf 98' lang='lat'>-</span> <span class='ocrx_word' id='word_1_553' title='bbox 942 4823 1136 4877; x_wconf 74' lang='lat' dir='ltr'><strong>subactionibus</strong></span> <span class='ocrx_word' id='word_1_554' title='bbox 1154 4823 1210 4875; x_wconf 75' lang='grc' dir='ltr'><strong>ΑΒ.</strong></span> <span class='ocrx_word' id='word_1_555' title='bbox 1232 4849 1261 4861; x_wconf 92' lang='grc'><strong>-</strong></span> <span class='ocrx_word' id='word_1_556' title='bbox 1292 4822 1336 4874; x_wconf 78' lang='grc'><strong>32.</strong></span> <span class='ocrx_word' id='word_1_557' title='bbox 1357 4823 1405 4879; x_wconf 82' lang='lat' dir='ltr'><strong>Vr.</strong></span> <span class='ocrx_word' id='word_1_558' title='bbox 1425 4826 1492 4890; x_wconf 71' lang='grc' dir='ltr'><em>Μ</em></span> 
     </span>
     <span class='ocr_line' id='line_1_51' title="bbox 169 4893 588 4959; baseline 0.005 -14"><span class='ocrx_word' id='word_1_559' title='bbox 169 4893 254 4959; x_wconf 70' lang='lat' dir='ltr'><strong>faciut</strong></span> <span class='ocrx_word' id='word_1_560' title='bbox 271 4919 282 4933; x_wconf 94' lang='lat'><strong>·</strong></span> <span class='ocrx_word' id='word_1_561' title='bbox 300 4919 311 4932; x_wconf 96' lang='lat'>·</span> <span class='ocrx_word' id='word_1_562' title='bbox 329 4896 472 4949; x_wconf 73' lang='lat' dir='ltr'><strong>Gracchum</strong></span> <span class='ocrx_word' id='word_1_563' title='bbox 489 4911 543 4950; x_wconf 91' lang='lat' dir='ltr'><strong>om.</strong></span> <span class='ocrx_word' id='word_1_564' title='bbox 555 4897 588 4947; x_wconf 92' lang='grc' dir='ltr'><strong>Β.</strong></span> 
     </span>
    </p>
   </div>
   <div class='ocr_carea' id='block_1_5' title="bbox 0 0 1621 5400">
    <p class='ocr_par' dir='ltr' id='par_1_6' title="bbox 0 0 1621 5400">
     <span class='ocr_line' id='line_1_52' title="bbox 0 0 1621 5400; baseline 0 0"><span class='ocrx_word' id='word_1_565' title='bbox 0 0 1621 5400; x_wconf 95' lang='lat' dir='ltr'><strong> </strong></span> 
     </span>
    </p>
   </div>
  </div>
 </body>
</html>
