3232 5392
558 247 1018 317 ammomum
1397 247 1453 344 u

130 421 161 478 et
174 409 373 476 luxuriosum
390 408 522 476 illudens
536 430 664 495 parcum
679 420 710 474 et
725 407 905 492 diligentem
919 409 1066 496 appellet.
1102 412 1141 476 Et
1154 411 1186 474 in
1201 413 1262 474 boc
1279 417 1452 495 postremo,

129 504 214 592 quod
236 527 278 570 ex
299 509 460 571 contrario
482 506 635 578 sumitur,
667 512 699 569 et
719 506 751 567 in
772 504 826 567 illo
849 503 972 590 primo,
996 503 1081 591 quod
1103 527 1121 569 a
1143 503 1346 569 similitudine
1368 508 1455 569 duci-

128 611 198 673 tur.
221 620 279 686 per
300 604 533 665 translationem
557 607 742 685 argumento
757 599 929 684 poterimus
943 601 999 664 uti.
1042 602 1103 664 Per
1117 600 1363 670 similitudinem.
1386 599 1450 665 sic:

130 697 215 774 Quid
237 697 281 759 ait
302 698 353 758 bic
377 703 548 782 nexatque
572 702 764 780 Agamemno
798 702 905 758 noster
936 696 1023 769 sive,
1053 703 1089 758 ut
1111 695 1278 760 crudelitas
1300 702 1366 767 est,
1396 715 1455 775 po-

127 791 189 855 tius
211 793 344 854 Atreus?
375 791 421 853 Ex
443 792 625 864 contrario,
649 797 684 852 ut
704 790 730 852 si
753 809 846 874 quem
869 789 1016 871 impium,
1046 792 1099 875 qui
1122 798 1243 873 patrem
1264 789 1477 862 verberante

127 887 266 967 Aeneam
294 903 460 956 vocemus,
494 885 755 969 intemperantem
779 890 812 946 et
839 883 1039 958 adulterum,
1075 886 1281 970 Hippolytum
1310 881 1456 946 nomine-

127 999 210 1042 mus.
254 979 340 1041 llaec
369 987 441 1041 sunt
467 975 552 1049 lere.
587 997 667 1062 quae
695 978 826 1040 dicenda
856 978 1043 1041 videbantur
1066 981 1105 1043 de
1127 981 1296 1043 verborum
1320 995 1456 1040 exorna·

126 1074 277 1151 tionibus.
321 1076 411 1137 Nunc
432 1091 485 1136 res
507 1073 574 1157 ipsa
597 1078 719 1143 monet.
743 1081 777 1134 ut
797 1070 945 1156 deinceps
967 1075 1006 1136 ad
1029 1075 1252 1139 sententiarum
1275 1070 1456 1136 exornatio·

126 1190 184 1232 nes
205 1178 410 1231 transeamus.

211 1264 342 1326 XXXV.
376 1264 429 1325 et.
465 1261 650 1325 Distributio
681 1269 745 1334 est,
778 1281 847 1325 cum
870 1264 1056 1346 perplures
1078 1273 1203 1327 resaut
1226 1283 1376 1348 personas
1398 1277 1493 1327 ne-¹⁰

129 1361 213 1445 gotia
236 1359 390 1443 quaedam
422 1367 504 1420 certa
535 1355 777 1439 dispertiuntur,
810 1356 872 1419 boc
895 1360 1008 1421 modo:
1046 1360 1107 1436 Qui
1130 1364 1287 1433 vestrum,
1320 1358 1452 1432 iudices,

127 1473 244 1518 nomen
271 1460 397 1515 senatus
426 1452 546 1534 diligit,
581 1452 666 1513 bunc
696 1452 798 1513 oderit
827 1470 955 1515 necesse
985 1461 1053 1527 est;
1091 1452 1335 1535 petulantissime
1370 1453 1455 1516 enim

126 1568 251 1631 semper
273 1547 332 1610 iste
355 1548 548 1629 oppugnavit
568 1552 719 1608 senatum.
764 1545 825 1622 Qui
849 1555 1027 1631 equestrem
1049 1545 1152 1609 locum
1167 1547 1454 1630 splendidissimum

127 1644 214 1725 cupit
240 1661 308 1705 esse
337 1642 369 1703 in
398 1640 539 1709 civitate.
570 1640 596 1702 is
627 1646 753 1722 oportet
782 1639 876 1704 istum
900 1642 1052 1705 maximas
1082 1661 1199 1726 poenas
1221 1642 1346 1706 dedisse
1368 1642 1454 1714 velit.

126 1759 167 1801 ne
189 1738 249 1799 ista
271 1755 325 1799 sua
351 1735 542 1817 turpitudine
566 1733 670 1796 ordini
694 1733 916 1799 honestissimo
938 1736 1077 1799 maculae
1101 1743 1194 1821 atque
1223 1739 1372 1801 dedecori
1402 1738 1453 1803 sit.
1467 1748 1493 1788 ¹⁵

128 1830 189 1907 Qui
214 1838 359 1914 parentes
380 1831 522 1900 habetis,
557 1827 712 1891 ostendite
744 1831 833 1892 istius
863 1829 1016 1915 supplicio
1046 1830 1137 1894 vobis
1166 1833 1310 1895 bomines
1341 1831 1456 1915 impios

39 1910 44 1926 ⁸
127 1946 190 1988 non
213 1922 348 2008 placere.
394 1924 515 2001 Quibus
537 1922 630 1986 liberi
659 1931 747 1995 sunt,
779 1925 902 1988 statuite
932 1926 1132 2009 exemplum.
1164 1934 1297 2010 quantae
1330 1946 1452 2011 poenae

128 2021 188 2086 sint
217 2022 249 2084 in
278 2019 401 2082 civitate
429 2018 607 2083 bominibus
638 2017 815 2081 istiusmodi
845 2029 1055 2104 comparatae.
1108 2022 1208 2082 ltem:
1245 2023 1377 2085 Senatus
1409 2039 1456 2094 est

127 2114 267 2181 officium
300 2115 432 2178 consilio
467 2114 623 2177 civitatem
653 2119 781 2189 iuvare;
820 2115 1017 2198 magistratus
1050 2122 1097 2177 est
1126 2112 1266 2178 ollrcium
1295 2136 1391 2201 opera
1424 2124 1457 2178 et

128 2210 288 2293 diligentia
309 2206 458 2292 consequi
482 2216 606 2271 senatus
628 2211 840 2284 voluntatem3
870 2211 979 2292 populi
1010 2217 1057 2271 est
1085 2207 1224 2272 ollicium
1247 2230 1298 2273 res
1320 2210 1494 2293 optimas²⁰

129 2315 159 2370 et
179 2303 325 2369 homines
347 2305 479 2367 idoneos
503 2305 640 2367 maxime
662 2307 727 2369 suis
749 2305 912 2368 sententiis
934 2304 1074 2388 deligere
1103 2314 1134 2367 et
1161 2307 1311 2386 probare.
1357 2309 1455 2368 Accu-

129 2403 240 2464 satoris
263 2396 402 2462 officium
425 2405 472 2460 est
500 2394 618 2462 inferre
648 2399 797 2475 crimina;
834 2396 1009 2463 delensoris
1040 2397 1161 2462 diluere
1191 2406 1222 2461 et
1252 2397 1454 2482 propulsare;

130 2496 214 2559 testis
237 2493 361 2567 dicere,
397 2512 476 2576 quae
506 2494 582 2555 sciat
611 2503 664 2556 aut
692 2495 846 2568 audierit3
881 2492 1069 2583 quaesitoris
1099 2501 1146 2557 est
1173 2513 1453 2578 unumquemque

129 2591 242 2653 borum
265 2586 298 2650 in
321 2585 424 2649 ollicio
447 2607 505 2650 suo
528 2590 703 2651 continere.
750 2589 873 2664 Quare,
906 2590 940 2650 L.
965 2588 1069 2663 Cassi,
1102 2590 1127 2651 si
1150 2597 1283 2663 testam,
1314 2598 1454 2673 praeter·

130 2702 220 2767 quam
250 2683 335 2766 quod
364 2682 441 2743 scint
467 2688 520 2744 aut
549 2683 697 2752 audierit.
732 2683 943 2763 argumentari
972 2690 1005 2745 et
1026 2685 1206 2746 coniectura
1230 2684 1378 2768 prosequi
1402 2700 1493 2767 pet-cs

130 2775 231 2849 tieris,
268 2774 317 2838 ius
345 2776 534 2838 accusatoris
568 2796 638 2838 cum
661 2776 730 2840 iure
753 2775 921 2839 testimonii
944 2774 1177 2847 commiscebis.
1207 2777 1294 2839 testis
1316 2777 1453 2859 improbi

130 2870 329 2954 cupiditatem
366 2866 584 2944 confirmabis,
623 2891 677 2932 reo
701 2870 856 2954 duplicem
883 2869 1097 2934 defensionem
1120 2869 1255 2951 parabis.
1300 2870 1356 2932 Est
1377 2871 1456 2932 baec

131 2966 292 3029 exornatio
328 2965 469 3046 copiosa.
524 2964 770 3050 Comprehendit
802 2966 887 3027 enim
916 2962 1006 3028 brevi
1036 2966 1132 3027 multa
1163 2971 1195 3026 et
1221 2983 1312 3026 suum
1342 2964 1455 3047 cuique

130 3059 267 3125 tribuens
291 3058 429 3123 ollicium
452 3061 618 3141 separatim
640 3082 691 3123 res
713 3058 824 3123 dividit
844 3059 961 3143 plures.

211 3156 356 3218 xxxvt.
391 3156 443 3218 d8.
483 3155 620 3217 Licentia
655 3162 723 3228 est,
759 3173 830 3216 cunr
862 3155 945 3237 apud
976 3173 1050 3227 eos,
1086 3172 1165 3236 quos
1195 3159 1248 3215 aut
1277 3152 1380 3214 vereri
1402 3158 1493 3214 autu

130 3258 269 3314 metuere
292 3247 460 3321 debemus.
484 3257 587 3312 tamen
610 3248 726 3335 aliquid
748 3266 807 3331 pro
829 3249 897 3311 iure
920 3258 1028 3311 nostro
1052 3244 1204 3316 dicimus,
1237 3265 1300 3330 quo
1323 3266 1379 3308 eos
1402 3254 1455 3309 aut

131 3365 208 3430 quos
241 3345 264 3406 ii
297 3344 431 3426 diligunt
465 3343 569 3427 aliquo
598 3342 631 3406 in
670 3353 774 3406 errato
805 3363 878 3404 vere
909 3342 1142 3425 reprehendere
1172 3341 1353 3411 videamur,
1392 3341 1455 3404 boc

131 3440 247 3502 modo:
272 3437 452 3509 Miramini.
482 3437 639 3515 Quirites,
663 3436 747 3523 quod
770 3439 809 3502 ab
833 3431 980 3500 omnibns
1003 3444 1125 3499 vestrae
1149 3437 1285 3499 rationes
1308 3436 1456 3499 deseran-

198 3707 225 3755 1.
245 3706 403 3770 appellasset
422 3704 520 3754 PstBF.
543 3730 570 3742 -
591 3706 617 3756 5.
638 3713 667 3754 ut
685 3708 708 3753 si
726 3704 876 3754 ututur:
897 3704 920 3751 si
940 3703 971 3751 Ε.
996 3724 1021 3734 -
1051 3700 1195 3749 uerberarit
1214 3700 1366 3750 usurus:
1395 3714 1454 3750 oer-

130 3777 257 3827 lernueru‘t
278 3777 307 3825 Ε.
330 3802 359 3812 -
380 3775 405 3826 8.
428 3777 626 3825 exornationem
646 3776 722 3826 Pllll.
744 3801 773 3812 -·
795 3774 820 3823 ll.
842 3782 1016 3823 transeamus.
1055 3771 1094 3819 M.
1123 3771 1192 3819 ratu
1211 3772 1341 3821 Ciceronis
1360 3773 1395 3820 nd
1414 3773 1454 3821 lee-

129 3851 250 3896 rennium
262 3847 306 3895 uu.
327 3846 354 3896 V.
369 3848 485 3906 espliclt.
509 3849 601 3906 tnctpe't
616 3847 660 3895 lib.
681 3849 721 3896 ΕΙ.
738 3846 895 3896 Distributio
909 3846 927 3892 Ρ
941 3853 967 3893 et
979 3838 1099 3894 strnlltt'er
1112 3842 1139 3890 P.
1157 3865 1186 3876 -
1208 3844 1250 3891 v10.
1265 3856 1325 3892 eum
1336 3856 1383 3903 per
1394 3842 1454 3902 plu·

130 3918 221 3972 reeT.
243 3917 297 3968 su.
317 3916 410 3966 Dulsb.
430 3918 504 3966 Leld.
525 3918 588 3965 tvm
609 3921 770 3978 cumplures
791 3917 810 3965 tt
830 3923 856 3967 et
876 3930 915 3976 pr.
935 3915 972 3968 P.
992 3929 1050 3963 cum
1069 3915 1097 3960 s'n
1115 3912 1203 3974 plures
1223 3912 1242 3961 Ε
1261 3925 1319 3961 cum
1339 3912 1404 3962 AFtt
1426 3921 1453 3963 et

130 4003 196 4039 corr.
219 3987 246 4038 P.
268 4014 300 4023 -
319 3989 362 4036 tt.
383 3989 512 4050 qunedmn
530 3996 602 4037 rertn
622 3987 815 4044 PllltT..Ert..
835 3987 872 4035 L:
894 3986 1023 4047 quuednrn
1043 3982 1118 4031 Aru.
1139 4007 1171 4016 -
1191 3982 1233 4031 lle·
1255 3990 1325 4047 optet
1344 3982 1410 4032 rur
1428 3991 1454 4032 et

130 4074 195 4108 corr.
210 4058 241 4109 P.
264 4084 293 4097 -
313 4058 446 4107 marineus
463 4071 562 4120 poenae
582 4071 620 4116 pr.
642 4058 676 4109 P.
695 4061 840 4106 maalmam
857 4070 971 4120 poenum
990 4054 1055 4103 ΛΠ
1075 4063 1102 4103 et
1120 4066 1188 4101 corr.
1209 4052 1237 4102 P.
1263 4080 1288 4090 -
1319 4055 1378 4101 vetit
1399 4067 1451 4102 om.

130 4128 227 4181 rtur.
252 4151 277 4165 ··
301 4130 342 4179 15.
363 4131 415 4177 istc
435 4130 469 4178 F:
489 4132 537 4177 iste
556 4129 707 4179 Patruus.
730 4131 781 4176 del.
803 4127 863 4176 Selt.
886 4151 915 4162 -
939 4127 980 4175 18.
1001 4127 1053 4173 sint
1074 4127 1102 4172 in
1120 4125 1224 4172 etntrnte
1244 4123 1392 4172 PABFRT:
1425 4126 1454 4170 irs

130 4204 235 4252 ciuitate
252 4201 305 4248 sint
326 4201 354 4249 Ε.
376 4224 405 4235 -
428 4201 469 4248 18.
492 4207 528 4247 est
547 4200 662 4262 officinm
681 4198 805 4247 PAllFT:
827 4199 941 4261 officium
959 4206 995 4246 est
1015 4196 1071 4244 ΕΕ.
1089 4216 1117 4226 -
1138 4195 1180 4242 ttl.
1196 4201 1231 4243 est
1251 4193 1366 4258 officinm
1389 4194 1407 4240 ll
1427 4201 1454 4244 et

130 4287 179 4334 mg.
201 4272 239 4320 As
260 4270 374 4335 officium
393 4279 427 4318 est
447 4270 503 4321 ΤΕ.
521 4268 640 4324 (consitio
659 4296 668 4306 ·
686 4294 697 4304 ·
717 4268 829 4334 officium
849 4283 900 4317 orn.
923 4268 963 4316 Pl*
983 4277 1008 4317 et
1029 4281 1067 4326 pr.
1088 4265 1120 4319 A,
1147 4264 1206 4312 edd.
1237 4267 1262 4312 ln
1283 4277 1331 4324 mg.
1354 4262 1399 4324 A.)
1422 4289 1450 4300 -

129 4345 172 4394 20.
193 4343 477 4391 eenutusootnntutem
497 4342 560 4390 Bet
580 4354 628 4402 sug.
653 4342 689 4390 A:
710 4345 816 4387 senectus
834 4339 971 4386 volrentnte
990 4336 1046 4392 PF.
1073 4334 1234 4382 uolrintntern
1253 4337 1316 4388 (orn
1337 4331 1452 4396 sennsue)

131 4428 169 4475 pr.
200 4416 239 4467 A,
266 4413 430 4461 voluntatem
448 4422 554 4460 senatus
576 4411 606 4460 Ε.
642 4411 815 4464 (uoluntatem
832 4411 925 4469 populi
953 4408 1001 4467 u.)
1029 4432 1057 4443 -
1090 4412 1126 4451 est
1155 4403 1270 4466 officium
1296 4402 1450 4454 PAltFltT:

130 4484 244 4549 officium
263 4489 298 4530 est
320 4483 348 4530 Ε.
373 4506 400 4516 -
422 4484 465 4530 23.
486 4485 557 4532 testis
575 4482 660 4531 PltT:
681 4485 807 4530 tertiaeet
828 4481 926 4529 auru.
943 4503 972 4514 -
993 4479 1036 4526 25.
1056 4477 1176 4535 consequi
1189 4473 1226 4528 T.
1244 4479 1365 4535 persequi
1378 4477 1407 4525 t.
1419 4501 1453 4511 -

129 4556 172 4605 27.
193 4555 258 4601 boec
276 4558 313 4601 est
333 4552 454 4602 surus.
477 4578 506 4589 -
544 4553 587 4601 31.
616 4555 735 4606 dicimus.
756 4565 806 4614 quo
827 4563 869 4598 eos
887 4558 935 4598 cut
956 4562 1020 4612 quos
1038 4549 1058 4595 εἰ·
1078 4545 1190 4606 diligunt
1208 4543 1299 4604 oligua
1318 4546 1346 4592 tn
1364 4551 1452 4595 errato

129 4639 188 4674 uere
204 4622 390 4684 reprehendere
407 4623 576 4673 videamure
599 4629 713 4684 resttgus
735 4621 827 4669 Drrtsb.
842 4622 938 4668 tieucb.
961 4630 1040 4681 etque
1060 4621 1206 4664 nestrorum
1227 4611 1450 4676 Oudendorptus:

130 4697 256 4747 mamus.
287 4695 355 4757 quod
374 4706 415 4742 eos
434 4697 539 4743 minime
558 4695 670 4759 offendet
690 4701 735 4741 cut
754 4706 819 4756 quos
839 4693 860 4738 ls'
876 4693 1005 4753 diligunt,
1033 4698 1111 4750 quum
1130 4684 1158 4730 in
1176 4683 1268 4743 utiquo
1287 4692 1376 4735 errato
1395 4701 1453 4740 vere

129 4763 375 4828 reprsAendlposse
395 4767 536 4814 videantur
560 4763 591 4812 Ε.
629 4765 664 4812 At
690 4775 741 4824 quo
767 4762 891 4813 eslubent
910 4761 928 4808 1²
948 4767 973 4808 et
994 4771 1034 4818 pr.
1054 4757 1092 4807 A.
1123 4754 1228 4802 minime
1252 4756 1369 4820 offendat
1397 4773 1450 4809 om.

130 4834 170 4886 PF
189 4846 215 4886 et
236 4848 273 4894 pr.
294 4836 332 4892 A,
353 4849 411 4884 curn
429 4850 480 4886 om.
500 4835 541 4885 PF
561 4841 587 4884 et
605 4848 645 4896 pr.
661 4833 701 4893 A,
719 4846 777 4882 uere
797 4831 981 4894 reprehendere
999 4827 1127 4889 praebent
1146 4822 1187 4873 PP
1206 4832 1232 4874 et
1246 4839 1286 4887 pr.
1300 4831 1341 4888 A,
1362 4829 1453 4881 olden-

129 4920 190 4957 nur
207 4905 274 4956 rru
293 4912 320 4958 et
338 4919 378 4967 pr.
396 4907 428 4956 A.
