3216 5400
180 230 224 296 72
685 225 739 291 ΑΙ)
761 226 1001 291 HERENNIUM

181 396 248 454 toto
264 409 347 471 pars.
393 389 439 453 De
462 392 549 470 parte
572 393 672 451 totum
695 387 739 450 sic
762 389 968 470 intelligitur:
994 390 1065 450 Non
1086 389 1159 451 illae
1182 394 1213 452 te
1235 387 1391 472 nuptiales
1414 391 1510 455 tibiae

182 487 249 550 eius
272 483 464 547 matrimonii
487 485 754 546 commonebant‘t
791 485 869 544 Nam
897 483 947 544 hic
976 483 1077 544 omnis
1100 484 1308 545 sanctimonia
1330 486 1510 568 nuptiarum

180 602 245 645 uno
268 581 357 663 signo
380 579 528 641 tibiarum
550 575 745 661 intelligitur.
791 580 837 640 De
860 584 926 640 toto
950 596 1043 661 pars:
1067 575 1149 639 atsi
1172 579 1245 662 quis
1268 577 1315 653 ei,
1340 581 1393 664 qni
1417 584 1512 644 vesti-

182 684 248 739 tum
270 683 324 739 aut
346 681 490 737 ornatum
512 682 729 757 sumptuosum
752 679 905 745 ostentet,
939 672 1040 745 dicat,
1065 672 1209 735 Ostentas
1233 673 1309 735 mibi
1333 676 1457 738 divitias
1480 686 1512 739 et

76 761 77 764 ¹
145 768 355 850 clocupletes
388 769 495 849 copias
528 766 634 830 iactas.
689 766 740 829 ta.
775 769 824 829 db
850 786 914 829 uno
945 768 1035 848 plura
1061 768 1122 829 boc
1151 769 1246 833 modo
1268 768 1509 852 intelliguntur:

182 866 290 927 Poeno
313 863 371 926 tuit
395 863 550 946 Hispanus
578 859 719 933 auxilio,
753 859 812 923 luit
840 862 984 924 immanis
1012 863 1066 925 ille
1089 865 1334 946 Transalpinus;
1367 867 1512 929 initalia

183 976 308 1043 quoque
331 977 489 1019 nonnemo
512 957 611 1018 sensit
631 956 714 1019 idem
737 965 872 1039 togatus.
918 955 1100 1040 dpluribus
1116 979 1214 1022 unum
1235 956 1279 1021 sic
1300 959 1508 1042 intelligitur:

182 1056 281 1115 Atrox
315 1052 473 1115 calamitas
511 1058 640 1134 pectora
673 1070 816 1113 maerore
850 1052 1014 1135 pulsabat;
1048 1051 1153 1134 itaque
1188 1051 1336 1116 anhelans
1369 1075 1409 1116 ex
1439 1052 1512 1116 imis

182 1144 385 1228 pulmonibus
420 1165 493 1230 prae
522 1165 597 1208 cura
627 1145 754 1227 spiritns
785 1145 966 1208 ducebatur.
1011 1149 1086 1207 Nam
1110 1144 1142 1208 in
1165 1147 1381 1228 superioribus
1404 1148 1512 1231 plnres

145 1264 173 1303 m
184 1241 313 1322 Hispani
337 1248 368 1302 et
392 1240 471 1304 Galli
495 1248 526 1303 et
547 1241 665 1322 togati,
694 1240 744 1301 hic
766 1260 861 1300 unum
886 1247 997 1321 pectus
1019 1247 1050 1301 et
1071 1261 1152 1302 unus
1175 1242 1282 1325 pulmo
1305 1239 1510 1323 intelligitur3

184 1342 215 1399 et
236 1337 295 1398 crit
317 1332 380 1397 illio
401 1336 580 1398 deminutus
603 1355 751 1396 numerus
772 1333 963 1407 festivitatum
988 1334 1038 1396 hic
1061 1333 1211 1398 adauctus
1226 1337 1385 1417 gravitatis
1401 1338 1511 1419 gratia.

266 1429 387 1492 bbusio
410 1436 473 1499 cst,
512 1448 593 1512 quae
622 1429 720 1490 verbo
751 1426 844 1489 simili
874 1434 904 1490 et
936 1429 1113 1512 propinquo
1135 1448 1193 1513 pro
1217 1437 1302 1492 certo
1327 1438 1357 1492 et
1379 1431 1511 1515 proprio

183 1523 343 1598 abutitur,
376 1524 438 1586 hoc
461 1525 578 1587 modo:
616 1521 705 1586 Vires
727 1522 863 1585 hominis
886 1523 998 1584 breves
1028 1530 1119 1592 sunt,
1151 1531 1220 1585 aut:
1255 1543 1349 1604 parva
1379 1533 1510 1600 statura,

184 1627 257 1683 aut:
292 1617 419 1701 longum
443 1619 474 1679 in
497 1619 622 1679 homine
646 1617 834 1689 consilium,
866 1626 937 1693 aut:
971 1617 1070 1678 oratio
1094 1636 1222 1698 magna,
1246 1626 1315 1679 aut:
1340 1620 1384 1680 uti
1409 1639 1512 1703 panco

145 1732 339 1778 assermone.
385 1716 463 1775 Nam
486 1715 537 1774 hic
558 1710 649 1776 facile
673 1720 720 1774 est
741 1711 901 1773 intellectu
922 1705 1050 1773 finitima
1074 1710 1169 1775 verba
1192 1731 1296 1775 rernm
1312 1713 1511 1778 dissimilium

183 1810 304 1874 ratione
327 1805 488 1871 abusionis
511 1824 579 1870 esse
602 1809 754 1869 traducta.

268 1904 413 1966 XXXIV.
449 1899 623 1965 Translatio
653 1884 717 1973 est,
751 1919 821 1962 cnm
849 1896 980 1962 verbum
1002 1900 1035 1961 in
1059 1902 1213 1983 quandam
1237 1922 1303 1965 rem
1326 1902 1514 1970 transfertur

185 2019 225 2062 ex
247 1996 308 2060 alia
330 2018 380 2067 re.
415 1994 499 2079 quod
522 2003 650 2080 propter
671 1992 906 2058 similitudinem
929 2003 1013 2057 recte
1037 1993 1195 2057 videbitur
1218 2013 1309 2078 posse
1332 1999 1509 2062 transferri.

184 2094 230 2156 Ea
250 2092 369 2154 utimur
390 2093 437 2155 roi
459 2100 530 2154 ante
552 2090 660 2155 oculos
684 2086 847 2173 ponendae
875 2107 987 2162 causa,
1023 2089 1087 2151 sic:
1126 2090 1184 2152 Hic
1213 2091 1331 2154 ltaliam
1360 2093 1513 2158 tumultus

148 2187 397 2272 reexpergeiecit
420 2194 540 2249 terrore
563 2184 676 2249 subito.
719 2182 885 2248 Brevitatis
901 2204 1010 2254 causa,1
1031 2184 1091 2246 sic:
1117 2186 1237 2249 Recens
1253 2188 1405 2251 adrentus
1420 2210 1513 2252 exer·

186 2279 265 2345 citus
281 2278 431 2343 exstinxit
452 2275 554 2343 subito
572 2277 741 2341 civitatem.
788 2274 1017 2340 Obscoenitatis
1033 2276 1176 2341 vitandae
1192 2299 1303 2352 causa,
1327 2281 1390 2343 sic:
1416 2281 1513 2345 Cuius

185 2384 287 2442 mater
309 2372 496 2459 quotidianis
513 2373 628 2457 nuptiis
645 2372 826 2437 delectatur.
869 2369 1011 2452 Augendi
1028 2390 1139 2443 causa,
1163 2372 1223 2435 sic:
1249 2373 1370 2439 Nullius
1385 2383 1514 2440 maeror

186 2478 218 2534 ct
247 2467 403 2532 calamitas
432 2467 520 2530 istius
542 2465 674 2552 explere
702 2465 879 2529 inimicitias
902 2476 933 2528 et
956 2462 1105 2528 nelariam
1129 2467 1345 2531 crudelitatem
1368 2478 1511 2534 saturare

185 2569 298 2650 potuit.
343 2560 503 2626 Minuendi
526 2583 636 2633 cansa,
671 2562 731 2624 sic:
767 2562 880 2643 Magno
904 2580 937 2622 se
961 2561 1118 2644 praedicat
1145 2561 1262 2626 auxilio
1294 2559 1406 2632 luisse.
1439 2563 1514 2648 quia

148 2675 176 2716 as
186 2660 360 2742 paullulum
382 2658 415 2720 in
437 2655 533 2720 rebus
555 2653 748 2720 difficillimis
763 2654 918 2740 aspiravit.
963 2652 1101 2718 Ornandi
1116 2675 1224 2727 causa,
1247 2657 1312 2721 sic:
1336 2656 1514 2737 Aliquando

186 2750 391 2838 reipublicae
417 2752 576 2824 rationes,
601 2771 681 2836 quac
704 2749 820 2813 malitia
843 2748 1021 2814 nocentium
1035 2762 1234 2822 exaruerunt.
1257 2752 1371 2815 virtute
1383 2753 1515 2837 optima-

186 2848 263 2911 tium
281 2849 481 2910 revirescent.
526 2845 774 2910 Translationem
798 2847 965 2928 pudentem
989 2842 1094 2906 dicunt
1117 2865 1185 2909 esse
1200 2855 1367 2930 oportere,
1392 2857 1427 2911 ut
1441 2868 1513 2912 cnm

186 2942 308 3006 ratione
335 2944 367 3005 in
398 2939 592 3004 consimilem
622 2959 687 3003 rem
716 2945 868 3011 transeat,
905 2956 945 2999 ne
971 2937 1039 3001 sine
1062 2936 1183 3002 delectu
1208 2950 1325 3004 temere
1347 2952 1378 3004 et
1399 2942 1515 3025 cupide

186 3037 331 3099 videatur
353 3036 384 3098 in
408 3035 587 3099 dissimilem
611 3035 843 3097 transcurrisse.

150 3160 177 3201 ³0
272 3129 323 3191 to.
348 3130 537 3192 Permutatio
561 3137 609 3191 est
630 3128 729 3191 oratio
754 3125 839 3190 aliud
861 3129 982 3200 verbis,
1007 3124 1088 3189 aliud
1113 3127 1264 3191 sententia
1281 3131 1512 3196 demonstrans.

186 3228 231 3289 Ea
254 3222 402 3287 dividitur
430 3226 460 3285 in
491 3231 555 3286 tres
590 3231 713 3306 partes,
749 3221 1002 3294 similitudinem,
1037 3232 1272 3304 argumentum.
1309 3229 1514 3291 eontrarium.

187 3320 248 3382 Per
270 3317 504 3381 similitudinem
528 3316 681 3387 sumitur,
714 3336 784 3380 cum
807 3316 1024 3380 translationes
1047 3337 1107 3380 una
1130 3326 1183 3381 aut
1206 3317 1310 3403 plures
1333 3318 1516 3405 frequenter

187 3420 346 3498 ponuntur
376 3432 393 3474 a
424 3411 556 3496 simplici
588 3409 707 3474 ratione
744 3413 874 3485 ductae,
912 3411 974 3475 sic:
1012 3414 1088 3473 Nam
1118 3431 1188 3476 cnm
1217 3433 1309 3475 canes
1342 3411 1516 3497 iunguntur

188 3503 299 3571 officiis
329 3504 495 3590 luporum,
530 3505 653 3570 cuinam
683 3506 841 3586 praesidio
870 3526 965 3591 pecua
994 3505 1180 3570 credamus?
1214 3509 1274 3570 Per
1296 3518 1514 3589 argumentum

151 3608 357 3671 retractatur.
392 3622 461 3663 cum
484 3621 501 3665 a
527 3621 657 3685 persona
681 3610 735 3664 aut
757 3621 774 3665 a
797 3600 866 3664 loco
889 3608 942 3664 aut
963 3621 980 3663 a
1003 3622 1037 3663 re
1060 3601 1163 3684 aliqua
1186 3600 1357 3664 similitudo
1380 3605 1514 3686 augendi

187 3706 241 3760 aut
263 3693 422 3758 minuendi
446 3716 537 3760 cansa
560 3695 705 3771 ducitur;
739 3706 772 3760 ut
799 3695 824 3758 si
852 3695 920 3779 quis
946 3700 1078 3759 Drusum
1103 3695 1274 3760 Gracchum
1298 3694 1431 3759 nitorem
1455 3702 1514 3762 ob-

190 3791 323 3855 soletum
346 3789 436 3854 dicat.
481 3794 530 3854 Er
553 3792 710 3855 contrario
733 3790 857 3855 ducitur
879 3793 943 3854 sic:
967 3798 1002 3854 ut
1023 3792 1048 3853 si
1071 3789 1140 3876 quis
1165 3789 1320 3854 hominem
1343 3790 1514 3876 prodigum

259 3975 284 4022 5.
313 3973 393 4035 plura
422 3974 470 4021 herc
494 3975 571 4022 modo
595 3974 778 4037 intelliguntur
798 3964 953 4023 tabeat:
982 3974 1062 4033 plura
1090 3973 1291 4037 intelliguntur.
1320 3973 1367 4022 hoc
1384 3974 1461 4022 moda
1483 3976 1512 4024 ΙΙ.

189 4043 322 4098 (Ceterum
341 4045 521 4103 intetlepentnr
540 4043 629 4099 Phil-l
651 4071 676 4081 -
699 4047 725 4093 7.
745 4058 875 4093 nonnemo
891 4047 969 4092 sensit
988 4046 1054 4091 idem
1074 4050 1182 4103 topatus
1200 4042 1332 4093 esaar.
1358 4043 1406 4092 Eri
1425 4081 1432 4097 .
1452 4047 1512 4094 alit:

174 4129 243 4174 ,non
259 4116 338 4164 eenrit
357 4116 423 4164 idem
441 4127 516 4163 nemo
536 4121 641 4177 topatus
667 4114 703 4169 F.
731 4116 798 4163 tdmn
816 4129 942 4163 nonnemo
962 4121 1069 4174 topatus
1088 4116 1165 4162 sensit
1187 4114 1216 4162 E.
1245 4139 1276 4147 -
1305 4117 1465 4178 intelligetur
1484 4116 1514 4174 Ι),

190 4200 242 4235 am.
264 4185 340 4233 Vasa.
361 4185 430 4243 ΙΙΙ..
451 4185 501 4233 del.
524 4185 584 4234 Suh.
607 4209 636 4221 -
658 4184 674 4232 9
703 4188 836 4246 superiore
856 4184 975 4233 l’thtT.
1001 4209 1027 4219 -
1061 4186 1102 4233 lt.
1122 4185 1270 4233 deminutus
1291 4184 1375 4233 Pll'l:
1402 4187 1516 4234 dinanu-

191 4264 234 4305 tur
255 4255 351 4306 altra.
374 4281 403 4292 -
436 4255 476 4304 13.
496 4264 578 4317 pratu
597 4254 655 4313 (etc)
677 4257 712 4311 F.
729 4271 817 4317 proca
838 4257 940 4306 volebat
954 4255 1014 4303 Seh.
1029 4280 1057 4290 -
1079 4257 1107 4302 at
1142 4258 1267 4303 ersttnrit
1289 4256 1516 4306 aaabttoctvitatem

191 4327 339 4377 mineat:
361 4329 445 4376 subito
464 4328 594 4375 ciuitatem
615 4329 740 4375 exstinxit
763 4328 791 4375 ll.
814 4352 841 4361 -
862 4326 904 4374 ΙΙ.
927 4327 1105 4374 crudelitatem
1124 4333 1247 4373 satrarore
1264 4325 1416 4375 Ptlll'll't':
1443 4335 1517 4376 satu·

191 4411 253 4446 rnre
265 4399 447 4448 crudelitatem
461 4398 488 4447 a.
509 4421 531 4431 ·-
555 4399 678 4445 idcirce
694 4397 752 4452 ΙΙΤ,
774 4411 838 4446 corn
856 4399 891 4450 Α,
915 4390 966 4445 Eri.
988 4395 1056 4444 Pith.
1081 4396 1143 4444 leid
1175 4396 1208 4444 ll.
1230 4395 1263 4444 Ut
1276 4409 1341 4454 nos,
1360 4397 1459 4460 l’ltFet
1476 4413 1514 4456 pr.

191 4466 223 4516 Α.
243 4469 321 4528 (utres
338 4465 542 4529 attteturgloss.)
565 4493 593 4504 -
621 4471 768 4525 nocentium
788 4467 916 4516 rabit:
946 4477 1085 4516 nocentum
1104 4467 1157 4514 tte.
1189 4491 1213 4501 -
1247 4477 1409 4516 eraruerant
1432 4469 1514 4527 ΙΙΙΡ,

191 4541 347 4589 ecaraertnt
363 4542 391 4587 lt.
405 4566 432 4576 -
448 4539 490 4588 at.
506 4541 638 4586 restruere
649 4539 690 4586 ‚tl-¹
701 4549 727 4587 et
739 4542 872 4597 tartettaar
891 4539 936 4586 ult.
955 4540 1004 4585 titt.
1020 4543 1044 4585 tn
1060 4534 1159 4598 rasura)
1174 4536 1201 4584 Ρ.
1220 4562 1248 4572 -
1269 4539 1407 4598 pudentem
1426 4539 1517 4588 dicunt

192 4607 344 4658 eantur:
366 4611 456 4659 dicunt
474 4609 614 4671 pudentem
635 4609 664 4657 li.
687 4635 712 4645 -
736 4608 778 4656 33.
798 4611 939 4672 [ungentur
958 4609 1007 4656 PF.
1031 4635 1057 4643 -
1081 4608 1123 4656 34.
1146 4608 1251 4657 cuinam
1272 4608 1357 4656 lllll':
1391 4612 1517 4671 quantam

186 4689 234 4739 pr.
254 4678 294 4726 PF
312 4679 350 4737 (ld
371 4687 411 4731 est
428 4684 581 4745 quomam),
601 4692 717 4741 quartam
737 4692 805 4727 corr.
826 4679 860 4736 P,
882 4694 1007 4741 «quorum
1027 4680 1065 4727 vet
1086 4692 1138 4742 qno
1161 4679 1199 4725 vet
1219 4680 1275 4726 cuin
1297 4693 1346 4739 mg.
1368 4680 1407 4735 F.
1428 4683 1470 4728 cut
1485 4682 1514 4729 lt.

195 4772 224 4785 -
241 4754 372 4809 poenaria
392 4752 434 4800 nt
447 4788 454 4809 ‚
474 4753 512 4806 l..
530 4752 652 4813 pecualia
671 4749 702 4799 tt.
732 4774 764 4783 -
793 4748 832 4798 35.
856 4757 904 4797 mn
922 4751 977 4799 toro
995 4755 1040 4797 out
1058 4763 1086 4797 re
1105 4748 1204 4798 PtllT.
1236 4775 1264 4785 -
1294 4749 1337 4796 aa.
1367 4748 1516 4800 Graecatim

194 4817 406 4870 Ltndemrnnus:
439 4822 582 4873 Gracchum
609 4822 706 4873 Cetert.
758 4818 928 4872 Cantecerrm
959 4818 1146 4870 Gracchorum.
1168 4819 1218 4869 Oa.
1242 4843 1271 4855 -
1301 4824 1461 4870 numitorem
1481 4821 1513 4881 Τ,

192 4890 400 4956 semermemque
418 4891 439 4943 B
458 4902 484 4943 et
502 4907 568 4944 corr.
587 4893 621 4955 A,
642 4898 704 4944 ttem
722 4891 814 4942 bamb.
