3232 5392
184 209 246 274 330
707 210 762 275 DE
784 210 973 275 ORATORE

183 367 408 455 disputationes
422 389 441 434 a
454 369 554 434 causis
575 365 754 434 forensibus
777 377 809 434 et
829 366 974 436 civilibus
996 370 1036 434 ad
1056 367 1183 434 inanem
1204 371 1360 437 sermonis
1385 368 1513 457 elegan-

130 537 132 540 ,
183 462 259 529 tiam
280 466 503 538 transtulisset,
526 463 654 529 maurit
675 471 807 550 repente
829 473 926 530 totam
948 463 1082 529 sormam
1103 484 1202 551 prope
1224 463 1409 551 disciplinae
1434 488 1510 533 suae

181 576 370 644 versumque
398 557 554 646 quendam
582 558 774 624 Philoctetae
795 562 903 643 paullo
925 579 1016 625 secus
1042 557 1133 624 dixit.
1188 561 1247 624 llle
1277 562 1361 627 enim
1390 569 1511 649 turpe

181 652 242 716 sibi
264 654 306 717 ait
328 673 413 718 esse
436 661 589 729 tacere,
613 673 695 717 cum
717 650 927 727 barbaros,
949 655 1003 718 bic
1023 663 1145 727 autem,
1169 675 1257 720 cnm
1278 658 1511 723 Isocratem

160 753 394 831 spateretur
416 748 561 812 dicere.
604 748 715 831 ltaque
730 748 853 813 ornavit
867 756 898 812 et
912 746 1078 813 illustravit
1092 749 1267 815 doctrinam
1281 748 1366 816 illam
1381 771 1509 818 omnem

181 862 352 927 rerumque
386 840 600 926 cognitionem
634 863 705 906 cum
739 842 892 908 orationis
925 845 1149 909 exercitatione
1182 843 1354 913 coniunxit.
1397 849 1509 932 Neque

180 957 257 1002 vero
279 935 338 1000 boc
360 932 440 1019 sugit
460 934 724 1019 sapientissimum
746 955 873 1020 regern,
909 938 1103 1024 Philippum,
1138 939 1192 1025 qui
1219 942 1304 1004 hunc
1324 938 1509 1006 Alexandro

179 1031 246 1096 filio
269 1029 432 1095 doctorem
453 1031 598 1107 accierit,
633 1053 653 1096 a
674 1052 736 1116 quo
760 1034 874 1096 eodem
896 1031 948 1097 ille
971 1041 1003 1096 ct
1024 1030 1136 1115 agendi
1160 1032 1319 1115 acciperet
1338 1041 1508 1119 praecepta

180 1134 212 1190 et
233 1127 413 1213 eloquendi.
460 1128 531 1191 142.
555 1130 644 1192 Nunc
667 1126 734 1192 sive
756 1129 812 1211 qui
835 1125 939 1201 volet,·
958 1146 1030 1190 eum
1046 1124 1292 1211 philosophum,
1316 1131 1370 1212 qni
1385 1130 1507 1214 copiam

142 1220 271 1300 annobis
292 1240 399 1284 rernm
422 1221 634 1306 orationisque
657 1219 776 1299 tradat,
810 1242 868 1307 per
889 1241 940 1285 me
962 1218 1099 1305 appellet
1123 1230 1284 1285 oratorem
1309 1221 1401 1300 licet,
1438 1223 1506 1289 sira

178 1317 261 1379 hunc
284 1323 462 1390 oratorem,
490 1335 585 1398 quem
607 1335 666 1399 ego
690 1313 761 1380 dico
784 1316 969 1399 sapientiam
991 1315 1126 1378 iunctam
1148 1315 1267 1380 babere
1288 1316 1506 1404 eloquentiae,

177 1405 403 1495 philosophum
432 1408 591 1494 appellare
617 1409 729 1485 malet,
764 1431 829 1475 non
858 1410 1047 1496 impediam;
1086 1410 1258 1476 dummodo
1286 1408 1346 1476 hoc
1368 1421 1504 1489 constet,

178 1525 280 1588 neque
301 1503 463 1569 infantiam
485 1506 568 1580 eius,
601 1505 744 1592 quirem
773 1506 876 1582 norit,
912 1506 968 1569 sed
997 1522 1066 1568 eam
1098 1501 1256 1586 explicare
1286 1504 1418 1572 dicendo
1442 1526 1505 1573 nen

178 1607 290 1687 queat,
313 1619 416 1683 neque
436 1598 630 1664 inscientiam
653 1600 752 1674 illins,
776 1602 827 1664 cui
850 1620 900 1664 res
923 1619 987 1663 non
1009 1605 1170 1682 suppetat,
1194 1597 1293 1664 verba
1307 1622 1372 1667 non
1388 1605 1502 1677 desint,

140 1714 248 1759 siesse
263 1690 469 1769 laudandam;
492 1714 627 1780 quorum
647 1697 673 1758 si
695 1693 828 1760 alterum
851 1696 892 1759 sit
912 1694 1104 1779 optandam,
1128 1690 1235 1758 malim
1257 1693 1404 1781 equidem
1425 1694 1506 1760 iudi-

177 1797 293 1856 sertam
314 1785 513 1873 prudentiam
529 1807 622 1870 quam
636 1787 798 1855 stultitiam
814 1789 988 1876 loquacem.
1032 1788 1104 1852 143.
1129 1785 1184 1852 Sin
1199 1789 1400 1874 quaerimus,
1425 1787 1502 1873 qnid

177 1905 275 1949 unum
298 1881 432 1947 excellat
454 1903 494 1945 ex
515 1883 678 1955 omnibus,
712 1885 807 1948 docto
841 1883 959 1948 oratori
987 1882 1092 1967 palma
1121 1879 1224 1946 danda
1249 1891 1308 1949 est.
1351 1885 1455 1960 Quem
1477 1884 1505 1948 si

176 1980 336 2065 patiuntur
357 1974 490 2040 eundem
512 1996 579 2040 esse
602 1976 842 2063 philosophum,
879 1976 1001 2042 sublata
1022 1977 1240 2040 controversia
1262 1985 1320 2042 est.
1366 1980 1421 2043 Sin
1443 1997 1500 2043 eos

178 2072 354 2156 diiungeut,
384 2074 444 2134 boc
466 2076 560 2134 erunt
580 2073 767 2148 inferiores,
796 2074 881 2159 qnod
903 2067 936 2136 in
958 2078 1085 2136 oratore
1106 2067 1248 2155 perfecto
1269 2073 1352 2137 inest
1372 2072 1503 2137 illorum

139 2195 168 2236 aa
178 2169 281 2233 omnis
303 2165 448 2239 scientia,
481 2165 513 2229 in
542 2166 806 2252 philosophorum
830 2176 935 2231 autem
955 2163 1136 2249 cognitione
1158 2186 1223 2230 non
1245 2171 1397 2239 continno
1421 2168 1505 2230 inest

60 2259 63 2271 '
177 2260 371 2348 eloquentia;
395 2279 474 2345 quae
496 2261 639 2344 quamvis
660 2269 877 2326 contemnatur
898 2259 938 2325 ab
953 2259 1168 2417 eiqlnecesse
1183 2266 1230 2324 est
1245 2267 1348 2326 umen
1363 2259 1502 2347 aliquem

177 2354 336 2421 cumulum
363 2353 490 2417 illorum
518 2353 636 2417 artibus
663 2353 778 2420 aderre
801 2357 954 2421 videatur.
1029 2373 1086 2418 aec
1107 2374 1178 2419 cum
1202 2355 1329 2421 Crassus
1351 2353 1500 2431 dixisset,

176 2468 348 2535 parumper
370 2449 490 2532 etipse
512 2449 663 2512 conticuit
685 2456 716 2513 et
738 2452 850 2514 ceteris
872 2450 1031 2513 silentium
1052 2446 1121 2513 suit.

260 2543 405 2608 xxxvl.
431 2543 503 2606 144.
541 2545 620 2606 Tum
645 2543 751 2618 Cotta,
779 2545 955 2628 Equidem,
984 2543 1099 2628 inquit,
1131 2544 1258 2619 Crasse,
1286 2564 1350 2609 non
1372 2562 1501 2628 possum

138 2665 166 2706 rs
176 2638 281 2722 queri,
314 2637 399 2723 quod
427 2631 504 2697 mibi
531 2633 660 2700 videare
688 2634 772 2701 aliud
801 2638 951 2722 quiddam
972 2645 1005 2700 et
1025 2656 1090 2700 non
1110 2634 1160 2710 id,
1195 2639 1280 2723 quod
1302 2635 1497 2723 susceperis,

176 2734 365 2815 disputasse;
402 2733 473 2816 plus
500 2731 583 2795 enim
610 2733 769 2817 aliquanto
799 2729 947 2806 attulisti,
983 2750 1076 2815 quam
1098 2728 1156 2793 tibi
1178 2739 1246 2795 erat
1267 2733 1500 2797 attributuma

72 2830 76 2836 ’
173 2827 267 2891 nobis
294 2846 332 2890 ac
353 2823 589 2902 denuntiatum
628 2827 684 2889 sed
712 2831 796 2889 certe
818 2832 857 2889 ut
877 2828 937 2889 bae
962 2833 1066 2910 partes
1093 2822 1222 2891 inerunt
1246 2833 1335 2901 tuae,
1370 2823 1409 2890 de
1431 2823 1500 2890 illu·

173 2921 300 2984 stranda
327 2917 470 2984 oratione
497 2926 532 2983 ut
553 2917 697 2995 diceres,
735 2926 767 2982 et
789 2938 857 2983 eras
879 2921 946 3004 ipsc
966 2920 1029 2983 iam
1051 2920 1209 3002 ingressus
1231 2929 1328 3004 atque
1351 2921 1384 2984 in
1407 2928 1498 3004 quat-

173 3021 246 3076 tuor
267 3021 371 3098 partes
393 3033 519 3078 omnem
541 3015 692 3078 orationis
713 3010 837 3077 laudem
858 3015 1086 3096 descripseram
1110 3034 1181 3078 cum
1196 3017 1235 3078 de
1252 3011 1373 3079 duabus
1387 3015 1497 3098 primis

137 3103 266 3175 sonabis
287 3106 414 3191 quidem
435 3109 508 3171 satis
529 3110 602 3184 sed,
636 3116 673 3173 ut
693 3109 760 3193 ipse
782 3109 924 3183 dicebas,
958 3106 1103 3171 celeriter
1129 3109 1307 3192 exigueque
1338 3109 1490 3183 dixisses,

173 3202 252 3264 duas
273 3198 330 3265 tibi
351 3200 489 3289 reliquas
510 3203 648 3278 feceras,
673 3201 937 3287 quemadmodum
958 3203 1094 3287 primum
1116 3212 1246 3278 ornate,
1270 3201 1385 3267 deinde
1401 3204 1494 3266 ctiam

173 3299 244 3379 apte
266 3291 453 3361 diceremus.
500 3299 571 3362 145.
596 3298 667 3375 Quo
690 3316 761 3361 cum
776 3297 933 3382 ingressus
948 3315 1049 3369 esses,
1072 3305 1201 3382 repente
1216 3303 1247 3361 te
1262 3297 1351 3384 quasi
1367 3297 1496 3381 quidam

173 3395 278 3451 aestus
306 3390 425 3473 ingenii
451 3392 497 3454 tui
525 3391 636 3477 procul
662 3411 680 3455 a
701 3400 784 3456 terra
812 3389 952 3473 abripuit
978 3398 1073 3475 atque
1103 3395 1136 3454 in
1161 3389 1260 3455 altum
1284 3412 1302 3454 a
1324 3398 1496 3475 conspectu

172 3501 272 3568 paene
305 3484 445 3549 omnium
476 3482 640 3550 abstraxit.
685 3485 818 3550 Omnem
851 3487 936 3549 enim
965 3504 1070 3549 rerum
1102 3483 1264 3549 scientiam
1292 3486 1494 3570 complexus,

136 3597 238 3649 arnon
258 3585 292 3641 tu
314 3581 440 3665 quidem
464 3600 534 3643 eam
555 3578 647 3644 nobis
668 3578 838 3657 tradidisti;
861 3599 964 3664 neque
980 3581 1061 3644 enim
1077 3577 1137 3644 snit
1158 3587 1220 3643 tam
1244 3580 1352 3664 exigui
1374 3591 1495 3666 tempo-

171 3672 234 3737 ris:
267 3670 339 3749 sed,
361 3676 445 3757 apud
466 3674 526 3739 bos
547 3674 623 3759 quid
644 3670 836 3756 proieceris,
859 3675 985 3751 nescio,
1016 3695 1068 3740 me
1090 3676 1215 3761 quidem
1238 3672 1272 3739 in
1293 3676 1496 3740 Academiam

240 3885 267 3936 3.
287 3886 318 3936 aa
335 3885 481 3936 Philocteta
499 3883 550 3937 Gn.
571 3887 596 3939 1.
616 3885 702 3936 llaru.
724 3884 787 3934 duo.
807 3882 872 3935 Orr.
893 3886 989 3944 panct3
1018 3883 1049 3934 dc
1067 3883 1225 3936 Philoctetae
1243 3884 1295 3936 Gn.
1315 3886 1342 3936 2.
1369 3881 1415 3949 (Ut
1433 3896 1493 3944 nni,

172 3958 276 4012 nostrl.)
298 3981 326 3992 -
358 3955 384 4005 4.
405 3956 526 4007 barbaria
544 3958 577 4007 ll·
601 3980 626 3990 -
656 3956 683 4006 5.
700 3952 924 4018 pateremarAB.
948 3979 978 3989 -
1010 3954 1035 4004 6.
1055 3951 1150 4020 Neque]
1169 3954 1206 4004 Nc
1224 3956 1262 4015 A,
1280 3956 1332 4006 Noc
1350 3957 1380 4005 B.
1403 3981 1431 3993 -
1464 3954 1492 4005 8.

172 4027 267 4091 agendi
285 4041 337 4077 om.
352 4027 406 4076 AB.
427 4025 508 4088 (lllnc
524 4026 630 4078 vivendi
647 4027 797 4089 suppletum
818 4027 845 4074 tn
863 4024 922 4075 Vct.
942 4024 1049 4086 Stepb.)
1069 4050 1099 4060 -
1128 4025 1155 4076 o.
1175 4025 1313 4089 eloquendi
1331 4026 1352 4075 B
1372 4027 1490 4089 allique:

171 4096 295 4159 loquendi
313 4096 346 4160 (A
354 4096 378 4160 1)
396 4098 450 4147 1111.
473 4122 501 4133 -
522 4100 575 4148 siae
592 4097 637 4146 All
655 4098 771 4160 allique,
790 4096 833 4145 R:
853 4096 877 4143 si
895 4095 926 4144 Ε.
949 4121 977 4132 -
999 4097 1040 4146 11.
1058 4096 1144 4146 dicam
1161 4097 1194 4146 ll.
1218 4120 1245 4130 -
1267 4099 1310 4147 12.
1329 4097 1409 4148 malet
1427 4097 1490 4159 Lag.

171 4167 216 4216 32.
236 4181 304 4218 corr.
323 4168 416 4218 lamb.
436 4168 592 4220 scnnnmsz
611 4167 699 4218 maliet
718 4169 757 4226 li,
776 4165 852 4216 malit
870 4161 937 4228 (Al)
956 4167 1012 4216 RE.
1030 4189 1063 4200 -
1083 4166 1127 4216 14.
1143 4167 1279 4218 inscitiam
1297 4169 1330 4218 a.
1351 4191 1382 4202 -
1412 4167 1492 4216 attico

170 4236 203 4286 B.
222 4263 256 4272 -
273 4242 388 4300 suppetit
401 4238 433 4290 11.
457 4264 485 4275 -
505 4240 549 4290 16.
567 4237 678 4288 stultam
695 4236 883 4300 loquacitatem
901 4250 931 4287 ex
951 4235 1035 4288 Gellio
1054 4236 1080 4294 l,
1100 4237 1144 4286 15.
1163 4251 1230 4287 anns
1250 4239 1312 4303 Lag.
1326 4238 1370 4290 76.
1392 4262 1425 4275 -
1444 4235 1492 4287 Sin

171 4309 323 4371 quaerimus
350 4324 401 4360 orn.
421 4309 454 4360 A.
484 4332 513 4344 -
549 4309 592 4361 17.
611 4308 763 4359 doctoribus
789 4307 894 4356 oratori
920 4307 952 4358 11.
981 4332 1011 4343 -
1043 4306 1087 4357 13.
1106 4308 1243 4371 diiungeret
1270 4309 1308 4359 A:
1338 4309 1491 4372 disiungant

170 4377 215 4439 (li)
234 4378 291 4430 RE.
314 4405 343 4415 -
375 4382 460 4430 omnis
476 4379 582 4430 itteram
598 4378 632 4428 11.
653 4405 682 4416 -
714 4378 759 4429 21.
779 4390 939 4441 quamquam
957 4377 989 4426 A.
1011 4402 1042 4412 -
1073 4378 1112 4426 bis
1132 4377 1165 4426 11.
1187 4404 1217 4414 -
1248 4378 1293 4429 23.
1313 4387 1338 4431 ct
1356 4387 1416 4430 anta
1434 4379 1491 4440 ipse

171 4460 223 4497 nm.
241 4449 273 4498 B.
294 4474 326 4486 -
355 4456 380 4500 et
398 4465 415 4500 a
432 4452 524 4500 ceteris
542 4450 575 4499 R.
605 4474 634 4486 -
665 4448 709 4499 25.
730 4452 755 4497 et
773 4449 843 4511 qood
860 4461 914 4496 aon
931 4447 960 4496 id
979 4447 1033 4497 AB.
1062 4474 1095 4484 —
1124 4448 1168 4498 26.
1199 4449 1345 4512 aliquando
1372 4450 1489 4500 Ernestlt

171 4531 278 4581 operae.
301 4542 332 4555 -
350 4527 409 4571 crat
426 4522 584 4572 attributam
601 4519 686 4569 Codd.
705 4519 761 4569 ab:
782 4524 840 4568 crat
857 4518 987 4568 tributum
1003 4518 1067 4574 AB,
1086 4525 1149 4570 esset
1166 4520 1291 4570 tributam
1308 4521 1363 4572 llll.
1384 4544 1415 4557 -
1442 4518 1488 4570 21.

170 4601 203 4638 ac
220 4589 404 4641 denuntiatum
421 4606 474 4643 om.
493 4592 557 4648 Ali,
585 4597 609 4641 et
632 4589 817 4640 monciacum
833 4589 866 4638 11.
893 4588 1006 4640 Seclustt
1031 4589 1187 4640 Ellendtlus.
1218 4617 1247 4628 -
1280 4596 1310 4640 ui
1329 4593 1349 4642 B
1367 4591 1485 4655 allique,

169 4657 211 4709 la:
244 4666 268 4709 at
292 4658 352 4723 (Aa)
381 4664 410 4713 li.
438 4688 470 4699 -
501 4659 673 4713 2611111.
701 4685 731 4697 -
763 4659 807 4709 29.
827 4661 974 4710 orationem
997 4659 1104 4709 taudem
1128 4662 1159 4711 n.
1180 4685 1212 4697 -
1241 4675 1300 4711 cum
1325 4661 1409 4712 Codd.
1430 4661 1485 4712 ab:

169 4742 279 4794 cumque
297 4726 384 4795 (Abi)
401 4733 459 4783 1111.
480 4755 511 4770 -
542 4731 574 4782 ds
592 4745 644 4782 orn.
664 4731 719 4781 AB·
739 4754 771 4766 -
801 4730 845 4784 36.
866 4730 969 4780 dicebas
987 4742 1040 4780 orn.
1060 4730 1116 4780 AB.
1137 4757 1167 4767 -
1195 4729 1488 4782 3101611163.-

168 4799 214 4850 32.
232 4800 345 4852 dicerem
362 4805 393 4853 B.
413 4829 443 4841 -
463 4810 489 4854 ts
506 4816 558 4855 om.
579 4801 633 4852 AB.
653 4824 685 4837 -
703 4800 747 4851 33.
767 4802 886 4865 arripuit
903 4801 967 4862 AB,
987 4803 1084 4863 aripuit
1095 4803 1128 4851 11.
1144 4827 1176 4837 -
1195 4801 1238 4851 34.
1259 4802 1389 4857 distraxit
1405 4803 1440 4855 ll.
1454 4829 1484 4842 -

169 4869 214 4925 35.
234 4868 264 4924 tc
281 4884 333 4925 om.
353 4874 409 4926 AB.
425 4895 459 4913 -
476 4873 520 4927 36.
539 4885 580 4926 me
597 4877 683 4928 totam
699 4872 801 4940 quidem
817 4876 846 4926 in
863 4871 1029 4927 Academiam
1045 4871 1079 4925 11.
1098 4872 1251 4939 (Academia
1266 4874 1311 4934 A.)
