3216 5400
428 1073 501 1152 Μ.
527 1070 764 1153 TULLII
796 1072 1153 1157 CICERONIS

338 1328 1224 1446 moleton.

665 1645 903 1663 m

122 1914 149 1979 1.
175 1917 205 1979 1.
237 1891 391 1980 Maiores
422 1930 481 1977 nos
512 1933 565 1978 res
595 1910 734 1978 scribere
761 1911 937 1995 ingressos,
972 1910 1007 1975 C.
1032 1905 1178 1983 Trebati,
1214 1915 1247 1974 et
1273 1906 1313 1975 iis
1340 1906 1441 1988 libris,

122 2025 203 2094 qnos
224 2008 314 2072 brevi
336 2016 480 2089 tempora
502 2007 578 2073 satis
600 2008 726 2074 maltos·
737 2005 908 2081 edidimus,
933 2003 1092 2090 digniores
1114 2013 1135 2070 e'
1149 2023 1243 2070 cursu
1262 2005 1333 2089 ipso
1349 2024 1444 2073 rovo-

123 2101 206 2167 cavit
225 2103 370 2166 voluntas
393 2111 457 2166 tua.
508 2103 586 2168 Cum
609 2103 693 2167 enim
716 2122 840 2166 mecum
862 2100 894 2165 in
916 2099 1092 2165 Tusculano
1115 2119 1200 2164 esses
1222 2107 1254 2165 at
1274 2099 1308 2163 in
1328 2096 1445 2165 biblio·

122 2196 214 2260 theca
228 2195 395 2281 separatim
418 2205 550 2283 uterque
573 2199 715 2261 nostrum
737 2193 776 2260 ad
798 2214 890 2260 sunm
911 2192 1047 2259 stadium
1071 2192 1215 2270 libellos,
1239 2213 1319 2280 qnos
1335 2194 1441 2271 redet,

123 2287 299 2365 evolveret,
334 2288 471 2355 incidisti
500 2293 532 2354 in
561 2289 737 2354 Aristotelis
765 2288 885 2374 Topica
914 2287 1085 2376 quaedam,
1119 2308 1199 2374 quaa
1227 2295 1299 2352 eunt
1325 2291 1364 2352 ab
1386 2288 1468 2354 illos

122 2383 266 2466 pluribus
296 2382 385 2448 libris
414 2383 579 2469 explicata.
625 2385 696 2459 Qua
724 2384 928 2467 inscriptione
957 2389 1135 2446 commotus
1166 2381 1314 2446 continuo
1345 2402 1362 2447 a
1392 2403 1444 2448 me

121 2476 274 2543 librorum
289 2497 399 2543 eorum
414 2479 600 2541 sententiam
622 2477 803 2563 requisisti3
827 2479 858 2541 2.
881 2494 1016 2559 cumque
1039 2475 1095 2539 tibi
1115 2476 1332 2559 exposuissem
1348 2477 1442 2542 disci-

122 2569 239 2654 plinam
278 2569 537 2636 inveniendorum
571 2581 847 2656 argumentorum,
892 2578 927 2634 ut
953 2573 1021 2634 sino
1054 2570 1120 2633 utto
1153 2588 1265 2634 errore
1299 2569 1339 2635 ad
1372 2590 1442 2637 eam

122 2671 245 2730 ratione
269 2676 300 2730 et
321 2667 371 2730 via
392 2665 628 2751 perveniremus
649 2669 690 2730 ab
712 2664 878 2730 Aristotele
898 2665 1043 2740 inventa,
1082 2662 1142 2728 iliis
1164 2661 1254 2728 libris
1275 2664 1441 2742 contineri,

122 2764 300 2824 verecunde
323 2768 356 2823 tu
378 2762 504 2844 quidem
527 2767 562 2824 ut
584 2761 704 2834 omnia,
727 2759 783 2825 sed
804 2769 909 2824 taruen
931 2757 1022 2823 facile
1044 2765 1078 2822 ut
1100 2777 1263 2822 cernerem
1286 2767 1316 2823 te
1331 2762 1483 2825 arderem

123 2852 244 2926 studio,
267 2875 408 2929 mecum,
430 2865 466 2920 ut
487 2855 544 2920 tibi
568 2854 641 2940 [itta]
666 2859 839 2928 traderem,
870 2852 972 2938 egisti.
1017 2852 1096 2916 Cum
1117 2861 1221 2917 autem
1244 2871 1304 2937 ego
1327 2862 1357 2918 te
1379 2874 1445 2919 non

124 2957 185 3011 tam
207 2947 325 3013 vitandi
345 2950 464 3015 laboris
486 2953 547 3015 mei
569 2972 679 3026 cansa,
712 2971 807 3036 quam
835 2950 907 3036 quia
936 2956 990 3012 tua
1018 2947 1049 3011 id
1077 2948 1230 3012 interesse
1258 2948 1443 3026 arbitrarer,

123 3046 173 3111 vel
194 3053 229 3109 ut
251 3063 306 3108 eos
328 3063 385 3129 per
406 3052 437 3108 te
458 3044 527 3128 ipse
550 3048 675 3128 legeres
696 3047 747 3109 vel
768 3052 804 3109 ut
825 3052 922 3108 totam
945 3044 1100 3107 rationem
1123 3063 1142 3107 a
1163 3041 1345 3108 doctissimo
1366 3064 1445 3130 quo-

124 3138 195 3204 dam
218 3140 344 3203 rhetore
366 3137 541 3220 acciperes,
564 3141 706 3203 hortatus
729 3158 849 3213 essem,
884 3145 1070 3220 utrumque,
1094 3140 1129 3200 ut
1149 3155 1190 3199 ex
1212 3144 1242 3200 te
1265 3135 1442 3215 audiebam,

124 3253 158 3297 es
188 3241 349 3316 expertus.
396 3234 426 3295 3.
459 3231 521 3296 Sed
551 3232 678 3297 alibris
707 3240 737 3296 te
765 3232 940 3296 obscuritas
960 3231 1080 3294 reiecit.
1125 3229 1246 3295 libator
1266 3238 1370 3296 autem
1390 3230 1481 3301 illese

123 3345 254 3410 magnus
277 3327 374 3400 baec,
403 3333 436 3389 ut
458 3328 589 3411 opinor,
613 3326 792 3391 Aristotelia
815 3346 849 3390 se
871 3327 1018 3409 ignorare
1040 3322 1214 3409 rospondit.
1260 3326 1355 3403 Quod
1376 3326 1446 3412 qui·

124 3418 196 3484 d'em
218 3419 345 3483 minime
356 3439 435 3483 sum
457 3422 627 3485 admiratus
645 3440 717 3484 eum
731 3418 955 3505 philosophum
971 3418 1092 3484 rhetori
1105 3438 1170 3484 non
1185 3439 1255 3484 esse
1269 3421 1442 3505 cognitum,

124 3513 179 3597 qui
200 3511 239 3577 ab
261 3515 337 3599 ipsis
358 3513 556 3597 pbilosophis
586 3522 711 3600 praeter
739 3515 909 3578 admodum
929 3532 1045 3598 paucos
1067 3514 1277 3598 ignoraretur.
1321 3515 1444 3592 Quibus

125 3627 164 3672 eo
194 3606 298 3671 minus
326 3608 551 3692 ignoscendum
580 3617 641 3681 est,
674 3611 760 3695 quod
786 3627 851 3672 nou
880 3609 975 3672 modo
1003 3609 1100 3672 rebus
1130 3607 1188 3683 iis,
1222 3627 1303 3694 quae
1324 3611 1364 3672 ab
1387 3607 1442 3672 ilio

125 3699 226 3764 dictae
249 3710 282 3765 et
302 3703 445 3767 inventae
468 3711 557 3779 sunt,
581 3701 664 3767 allici
686 3701 882 3778 debuerunt,
906 3703 962 3766 sed
984 3699 1108 3766 dicendi
1125 3721 1252 3788 quoque
1267 3698 1442 3766 incredibili
1452 3723 1481 3768 ro

126 3793 260 3879 quadam
275 3814 345 3860 cum
361 3801 470 3882 copia,
494 3805 559 3862 turn
575 3796 668 3861 etiam
684 3797 849 3861 suavitate.
894 3796 926 3861 d.
948 3799 1018 3861 Non
1033 3795 1122 3878 potui
1137 3798 1234 3881 igitur
1246 3795 1304 3860 tibi
1319 3794 1443 3879 saepius

125 3892 185 3953 boc
207 3889 328 3973 roganti
350 3901 381 3955 et
402 3901 506 3956 tamen
527 3893 669 3968 verenti,
704 3912 744 3955 ue
766 3888 841 3954 mibi
870 3890 972 3974 gravis
1000 3910 1148 3955 esses-
1174 3889 1266 3955 facile
1296 3888 1379 3954 enim
1409 3888 1443 3954 id

126 3982 292 4049 cernebam
299 4020 353 4060 -,
377 3988 493 4049 debere
508 3984 639 4063 diutius,
663 4007 703 4051 ne
717 3985 777 4071 ipsi
793 3983 868 4050 iuris
882 3982 1044 4069 interpreti
1057 3983 1125 4052 sreri
1138 3984 1299 4051 rideretur
1312 3983 1438 4049 iniuria.

125 4080 248 4143 Etenim
271 4100 342 4142 cum
363 4085 396 4142 tu
419 4078 494 4144 mibi
517 4081 656 4165 meisque
685 4080 783 4144 muita
802 4098 897 4161 saepe
919 4079 1112 4164 scripsisses,
1139 4079 1257 4145 veritus
1282 4097 1366 4152 sum,
1389 4097 1441 4155 ne,

193 4292 220 4341 7.
241 4292 368 4341 tetrorum
386 4305 477 4341 eorum
495 4293 641 4354 abcde,
669 4294 756 4351 Vatia.
778 4293 840 4344 BV:
867 4306 958 4345 eorum
975 4293 1102 4346 librorum
1120 4293 1176 4344 1111.
1201 4315 1236 4333 ··
1264 4306 1373 4358 cumque
1396 4295 1444 4346 tibi

126 4361 190 4412 dcc
210 4375 290 4424 quom
309 4363 357 4413 1111
375 4378 433 4412 cum
451 4364 514 4420 NR.
534 4379 614 4426 quom
631 4380 687 4416 com
706 4365 754 4415 te'bt
771 4365 851 4424 abt,
871 4364 926 4415 BV·
952 4390 984 4402 -
1003 4365 1030 4415 9.
1048 4366 1195 4415 reticeret
1212 4367 1259 4414 oio
1276 4364 1396 4415 Lambini
1416 4371 1444 4418 et

126 4433 211 4481 Uretut
239 4436 308 4482 cont.
338 4434 439 4482 demate
467 4436 628 4484 aBodtbto:
660 4439 790 4486 rationem
814 4437 860 4485 uio
878 4448 938 4486 rum
958 4435 1042 4487 Codd.
1063 4438 1158 4486 nostris
1178 4435 1207 4485 B·
1237 4458 1268 4471 -
1296 4435 1350 4486 itte‘e
1368 4434 1443 4489 libris

126 4501 280 4553 abcdei:
301 4502 376 4552 libris
392 4506 447 4553 11111
465 4506 521 4555 ΝΕ.
544 4531 571 4542 -
606 4507 743 4570 adferite
759 4512 789 4554 eet
807 4505 871 4557 bed
886 4506 922 4557 ei
937 4513 963 4556 et
982 4519 1050 4556 corr.
1069 4518 1103 4555 a:
1123 4514 1154 4556 ot
1172 4504 1252 4567 facite
1270 4505 1290 4555 E
1310 4513 1337 4556 et
1354 4518 1394 4568 pr.
1415 4521 1441 4558 a.

127 4576 170 4622 11.
189 4574 238 4623 111α
256 4572 387 4623 traderem
406 4577 421 4623 d
438 4576 491 4625 et:
520 4575 593 4625 iliam
612 4576 744 4626 traderem
761 4576 823 4635 NR,
854 4575 986 4626 traderem
1004 4575 1051 4626 oto
1075 4576 1132 4635 bc.
1162 4576 1292 4626 traderem
1310 4589 1363 4626 om.
1382 4577 1441 4633 iiio,
1464 4583 1471 4596 '

128 4644 198 4703 eumd
220 4656 266 4692 noe
284 4644 457 4704 sectuetruue,
476 4659 501 4696 a.
516 4670 548 4679 -
567 4645 610 4695 12.
624 4662 704 4709 quom
721 4648 784 4711 quta
802 4654 851 4696 tuo
868 4646 896 4695 id
914 4646 966 4696 at:
987 4661 1069 4711 onom
1081 4648 1190 4712 quodid
1204 4655 1249 4697 too
1262 4660 1321 4697 cum
1336 4647 1441 4700 Grutert

128 4713 212 4834 Cotddl.
233 4713 268 4771 11.
293 4727 379 4834 topum
405 4719 467 4781 poto
485 4716 514 4765 td
532 4723 580 4767 tuo
598 4717 647 4768 dc.
675 4740 710 4758 -
739 4717 783 4768 td.
802 4715 992 4768 Aristoteliob
1016 4723 1043 4769 et
1061 4717 1127 4769 Gur
1155 4717 1325 4770 aristotelico
1343 4719 1364 4770 11
1382 4731 1442 4772 cum

128 4795 221 4835 erere
242 4797 347 4835 noers.
