3232 5392
613 205 648 275 C,
669 207 723 272 94.
746 208 800 273 nb.
823 208 877 273 99.
1345 212 1407 278 tal

91 387 171 455 quae
191 369 254 433 sita
272 374 345 434 suut
364 369 398 435 in
420 365 530 434 officiis
551 373 646 456 atque
666 365 849 447 virtutibns3
886 365 965 445 aha,
994 371 1081 456 qnod
1108 370 1228 454 aliquid
1249 371 1408 439 commodi

91 460 246 539 efficiunt,
269 471 304 529 ut
324 483 401 550 opes
418 471 450 530 et
463 465 583 548 copiae.
625 465 679 529 87.
705 461 833 548 [Eorum
855 471 977 539 autem,
1001 483 1081 551 quae
1102 472 1233 550 propter
1254 485 1288 528 se
1310 485 1410 551 expe·

89 567 212 634 tuutnr,
245 559 359 645 partim
379 563 542 625 honestate
563 558 646 644 ipsa,
681 562 795 645 partina
826 557 1047 625 commoditate
1067 557 1170 644 aliqua
1193 557 1407 645 expetuntur]

89 655 275 730 Honestate,
309 674 366 730 ea,
399 674 480 738 quae
500 651 743 741 proficiscuntur
763 657 803 719 ab
825 651 864 718 iis
889 651 1073 728 virtutibus,
1107 655 1146 718 de
1168 652 1283 740 quihus
1303 653 1409 739 paullo

88 755 160 813 ante
182 755 231 812 est
251 747 384 824 dictum,
417 769 498 835 quae
519 756 591 814 sunt
612 746 783 815 laudabilia
803 749 871 833 ipsa
892 767 950 830 per
972 767 1025 825 sez
1060 745 1281 814 commoditate
1304 755 1433 813 autems

88 844 210 930 aliqua,
231 865 313 932 qnae
334 854 407 911 sunt
428 845 461 911 in
482 847 627 932 corporis
647 852 700 909 aut
715 843 748 907 in
763 840 910 907 fortunae
925 837 1017 906 honis
1032 845 1220 926 expetenda.
1266 842 1412 919 Quorum

89 938 149 1005 alia
176 948 248 1005 sunt
275 940 365 1026 quasi
392 944 529 1026 quodam
560 939 655 1007 modo
678 959 750 1004 cum
771 935 932 1002 honestate
953 938 1135 1013 coniuncta,
1170 945 1205 1004 ut
1231 942 1346 1012 honos,
1378 944 1414 1004 ut

89 1032 208 1119 gloria3
232 1033 291 1099 alia
306 1034 446 1110 diversa,
467 1044 503 1102 ut
516 1033 621 1111 vires,
644 1033 763 1108 formu,
786 1030 954 1108 valetudo,
973 1032 1140 1109 nobilitas,
1157 1031 1300 1108 divitiae,
1317 1031 1414 1098 clien-

89 1125 180 1194 telae.
224 1130 323 1193 XXV.
348 1132 400 1194 88.
432 1133 486 1195 Est
507 1132 601 1196 etiam
622 1130 776 1216 quaedam
799 1127 887 1213 quasi
909 1126 1055 1194 materies
1077 1130 1218 1194 subiecta
1239 1129 1409 1203 honestati,

90 1241 171 1307 quae
193 1223 329 1288 maxime
350 1231 510 1307 spectatur
532 1223 566 1289 in
587 1223 742 1292 amicitiis.
783 1220 947 1287 Amicitiae
975 1232 1080 1288 autem
1102 1220 1229 1288 caritate
1250 1230 1281 1287 et
1302 1237 1450 1288 amorett

91 1324 272 1382 cernuntur.
317 1321 395 1383 Nam
419 1338 490 1384 cuns
512 1321 663 1395 doenum,
688 1325 754 1380 tum
768 1325 934 1401 parentum
955 1315 1137 1402 patriaeque
1160 1316 1260 1382 cultus
1283 1335 1423 1382 eorum·-

90 1430 152 1496 que
184 1408 365 1489 hominum,
403 1414 457 1495 qui
490 1421 542 1477 aut
570 1412 724 1497 sapientia
751 1418 805 1475 aut
831 1407 945 1493 opibus
972 1410 1150 1484 excellunt,
1185 1413 1226 1477 ad
1252 1409 1413 1477 cmitatem

90 1503 204 1570 referri
225 1504 317 1570 solet.
363 1507 518 1591 Coniuges
540 1515 643 1571 autem
667 1514 698 1570 et
719 1503 811 1569 liberi
827 1501 985 1569 etfratres
1000 1504 1116 1581 etalii,
1139 1525 1218 1590 quos
1232 1525 1308 1572 usus
1322 1503 1415 1571 fami·

88 1597 270 1685 liuritasque
290 1599 467 1675 coniunxit,
497 1619 686 1685 quamquam
707 1601 802 1663 etiam
824 1599 953 1664 caritate
973 1597 1057 1684 ipsa,
1087 1607 1189 1664 tamen
1211 1619 1320 1667 amore
1343 1620 1411 1666 ma·

89 1693 176 1761 xime
197 1693 408 1760 continentur.
453 1696 488 1760 ln
509 1693 558 1761 bis
579 1693 676 1778 igitur
696 1696 793 1758 rebus
815 1712 886 1758 cum
908 1690 992 1758 hona
1014 1694 1093 1769 sint,
1127 1691 1219 1759 facile
1246 1699 1294 1758 est
1320 1693 1450 1761 intel-¹⁸

89 1789 190 1865 lectu,
213 1809 294 1877 quac
316 1791 379 1854 sint
399 1787 567 1854 contraria.
611 1791 665 1853 89.
690 1787 811 1865 Quodsi
833 1807 958 1872 semper
979 1787 1096 1870 optima
1111 1799 1220 1855 tenere
1234 1808 1410 1875 possemus,

90 1882 172 1949 haud
194 1901 288 1958 sane,
312 1885 460 1969 quoniam
482 1882 609 1968 quidem
632 1902 671 1948 ea
691 1880 855 1967 perspicua
877 1891 966 1958 sunt,
997 1882 1129 1949 consilio
1151 1885 1283 1949 multum
1304 1902 1413 1967 egere·

90 1996 171 2041 mus.
215 1977 277 2040 Sed
298 1978 371 2060 quia
394 1978 604 2062 temporibus,
627 1997 707 2063 quae
728 1978 792 2041 rim
814 1977 934 2042 habent
954 1975 1139 2053 maximam,
1161 1998 1319 2062 persaepe
1341 1996 1414 2041 eve-

90 2072 152 2149 nit,
175 2078 211 2138 nt
232 2070 347 2137 utilitas
369 2094 439 2137 cum
461 2075 626 2138 honestate
648 2079 763 2146 certet,
788 2090 959 2158 earumque
980 2092 1087 2137 rerum
1102 2076 1259 2138 contentio
1275 2070 1414 2158 plerum-

90 2187 151 2254 que
173 2168 416 2232 deliberationes
439 2165 552 2242 efficit,
584 2187 624 2231 ne
645 2174 698 2231 aut
718 2173 897 2249 opportuna
920 2175 1049 2252 propter
1070 2166 1255 2250 dignitatem
1279 2175 1334 2230 aut
1355 2168 1452 2230 boo

89 2270 179 2328 nesta
200 2269 331 2348 propter
352 2261 517 2327 utilitatem
540 2259 774 2344 relinquuntur,
796 2262 836 2324 ad
858 2261 939 2324 banc
961 2258 1174 2326 difficultatem
1197 2259 1415 2346 explicandam

90 2362 257 2442 praccepta
278 2353 459 2421 referamus.
501 2358 554 2419 90.
578 2357 618 2418 Et
639 2352 790 2439 quoniam
811 2374 875 2418 non
896 2356 936 2418 ad
951 2356 1116 2420 veritatem
1131 2355 1233 2421 solum
1249 2353 1415 2420 sedetiam

89 2452 129 2515 ad
151 2449 316 2533 opiniones
330 2469 457 2524 eorum,
479 2447 533 2536 qui
548 2450 695 2524 audiunt,
718 2447 980 2515 accommodanda
997 2457 1044 2513 cst
1060 2451 1180 2526 oratio,
1204 2448 1263 2515 hoc
1276 2449 1414 2537 primum

89 2543 314 2629 intelligamus,
345 2545 508 2610 hominurn
531 2546 595 2609 duo
617 2564 686 2609 esse
709 2564 844 2629 genera,
876 2542 1009 2608 alterum
1034 2542 1194 2608 indoctum
1216 2555 1248 2612 et
1268 2553 1412 2630 agreste,

90 2638 176 2725 quod
197 2638 349 2704 anteferat
361 2659 487 2723 semper
500 2637 663 2704 utilitatem
680 2639 851 2714 honestati,
873 2636 1005 2703 alterum
1020 2641 1191 2704 humanum
1206 2650 1300 2726 atque
1315 2652 1451 2725 exponi

89 2733 196 2808 litum,
229 2735 314 2819 quod
340 2731 436 2799 rebus
458 2730 605 2799 omnihus
626 2731 810 2816 dignitatem
831 2741 1010 2818 anteponat.
1066 2737 1174 2821 ltaque
1207 2733 1280 2799 huic
1302 2731 1412 2817 generi

90 2826 175 2903 laus,
210 2826 331 2903 honos,
366 2826 481 2912 gloria,
515 2826 610 2904 fides,
644 2827 760 2894 iustitia
790 2829 954 2912 omnisque
976 2829 1094 2905 virtus,
1128 2827 1173 2893 illi
1194 2836 1299 2894 autern
1321 2826 1414 2893 alteri

90 2927 254 3005 quaestus,
288 2923 535 2987 emolumentum
564 2919 748 3007 fructusque
769 2923 967 3007 proponitur.
1011 2927 1112 3009 Atque
1134 2921 1229 2987 ctiam
1251 2924 1410 3007 voluptas,

90 3034 171 3100 quae
204 3016 339 3095 maxime
369 3023 418 3081 est
444 3015 571 3080 inimica
603 3014 710 3083 virtuti
742 3015 880 3105 bonique
908 3026 1052 3084 naturum
1080 3017 1231 3084 fallaciter
1261 3013 1414 3083 imitando

90 3109 260 3181 adulterat,
294 3129 389 3193 quam
416 3108 658 3174 immanissimus
686 3110 820 3197 quisque
848 3111 1000 3178 acerrime
1022 3115 1164 3198 sequitur
1185 3132 1288 3198 neque
1309 3114 1452 3179 solome·

88 3204 229 3268 honestis
251 3200 344 3268 rebus
366 3204 421 3268 sed
443 3202 539 3268 etiam
560 3204 745 3270 neaeman-iis
766 3206 944 3292 anteponit,
967 3209 1001 3272 in
1022 3210 1200 3281 suadendo,
1223 3226 1294 3272 cum
1310 3204 1340 3271 ei
1359 3229 1415 3291 ge·

88 3297 158 3363 neri
179 3297 341 3363 bominum
363 3298 528 3363 consilium
550 3301 620 3374 des,
653 3319 748 3383 saepe
770 3320 844 3367 sane
865 3300 1019 3367 laudanda
1040 3310 1098 3368 est.
1142 3303 1256 3372 XXVI.
1288 3303 1341 3366 91.
1374 3303 1415 3367 Et

88 3392 166 3458 illud
193 3393 380 3469 ridendum,
419 3399 536 3479 quanto
564 3393 664 3477 magis
684 3397 828 3461 homines
850 3395 931 3462 mala
953 3395 1088 3480 fugiant,
1126 3416 1221 3482 mam
1242 3403 1415 3482 sequantur

89 3491 183 3554 bona.
229 3492 308 3554 Nam
329 3509 431 3577 neque
452 3494 584 3556 honesta
605 3497 668 3554 mm
690 3499 856 3576 expetunt,
889 3512 983 3578 quam
1010 3491 1150 3558 devitant
1176 3487 1291 3575 turpia.
1334 3488 1413 3567 Quis

90 3588 173 3651 enim
202 3585 372 3659 honorem,
410 3584 481 3670 quis
514 3585 665 3668 gloriam,
698 3584 769 3669 quis
802 3585 942 3662 laudem,
981 3589 1052 3672 quis
1087 3585 1185 3651 ullum
1219 3582 1316 3651 decus
1349 3595 1451 3650 umas

89 3700 228 3766 unquam
250 3687 393 3766 expetat,
427 3700 520 3767 quam
542 3678 763 3762 ignominiam,
794 3679 975 3757 infamiam,
1007 3680 1243 3755 contumeliam,
1275 3677 1413 3745 dedecus

88 3772 207 3857 fugiat?
230 3775 369 3851 Quarum
392 3795 499 3840 rerum
521 3776 614 3839 dolor
636 3775 740 3859 gravis
761 3781 809 3840 est
830 3775 918 3841 testis
941 3796 1039 3860 genus
1059 3776 1223 3840 hominum
1244 3772 1284 3839 ad
1311 3776 1411 3839 bonc-

88 3876 199 3934 statem
221 3876 326 3934 natum
347 3868 430 3936 malo
452 3867 538 3934 cultu
557 3867 723 3955 pravisque
745 3869 947 3954 opinionibus
973 3888 1042 3934 esse
1064 3877 1260 3954 corruptum.
1306 3867 1412 3944 Quare

89 3963 121 4028 in
144 3962 337 4030 cohortando
360 3973 454 4050 atque
476 3968 637 4030 suadendo
660 3964 856 4051 propositum
885 3962 1013 4048 quidem
1043 3961 1135 4030 nohis
1164 3965 1224 4029 erit
1251 3961 1342 4037 illud,
1378 3969 1415 4029 ut

89 4057 276 4135 doceamus,
312 4061 366 4145 qui
396 4057 479 4125 bona
501 4056 653 4144 consequi
674 4060 818 4145 malaque
840 4059 938 4124 vitare
964 4060 1138 4146 possimus;
1174 4062 1227 4123 99.
1252 4059 1308 4125 sed
1330 4055 1451 4144 apudss

158 4307 184 4356 l.
204 4312 266 4357 sunt
284 4308 336 4357 sits
353 4307 408 4358 RV.
437 4333 465 4344 -
499 4307 524 4358 9.
545 4307 593 4357 Vs.
614 4305 690 4358 nobis
710 4312 830 4368 suspecta
849 4305 1014 4358 seclusimus.
1040 4329 1072 4343 -
1102 4306 1129 4356 5.
1148 4305 1248 4357 dissuas
1266 4313 1304 4359 ssi
1323 4306 1356 4357 V.
1380 4331 1409 4346 -

87 4377 115 4428 d.
135 4378 164 4428 in
182 4384 242 4428 ants
255 4380 377 4443 fortunus
389 4390 441 4428 om.
455 4378 511 4429 RV.
526 4378 613 4430 Habet
626 4378 679 4430 Gn.
696 4405 724 4416 -
745 4377 772 4428 7.
792 4379 868 4443 quasi
880 4378 994 4440 quodum
1006 4378 1082 4427 modo
1094 4376 1117 4427 V
1128 4376 1245 4440 alliquo,
1267 4378 1335 4431 lidd.
1352 4385 1413 4430 ants

88 4448 170 4498 Erus
190 4451 268 4513 quusi
285 4451 350 4510 (om.
369 4448 485 4511 quodam
501 4448 589 4512 modo)
607 4451 649 4508 ll,
669 4450 753 4501 Onon.
775 4462 861 4506 unus,
883 4449 914 4498 fl.
935 4473 964 4485 -
984 4449 1011 4498 9.
1032 4444 1123 4511 stium]
1142 4455 1231 4499 nutem
1248 4448 1303 4500 liv.
1318 4475 1349 4487 -
1368 4448 1412 4502 13.

89 4523 113 4569 st
128 4520 165 4576 ii,
186 4530 250 4582 quos
268 4519 311 4576 li,
330 4525 354 4568 et
371 4520 416 4580 bi,
435 4532 501 4585 quos
519 4521 550 4569 V.
572 4545 599 4558 -
632 4521 676 4572 95.
695 4525 775 4582 utque
791 4519 933 4580 expolitum
952 4519 990 4581 Y,
1008 4518 1120 4569 Lumbi
1139 4518 1252 4570 uitsrnns
1269 4521 1414 4582 expolitum

87 4589 153 4646 liv,
172 4589 324 4651 etpotitusn
342 4590 373 4640 li.
392 4613 425 4624 -
455 4591 499 4640 97.
520 4591 604 4639 bonos
623 4590 660 4641 Vs
691 4591 776 4641 bonor
794 4590 855 4641 llll.
880 4614 914 4624 -
943 4589 988 4640 99.
1008 4592 1156 4640 estoirtsm
1173 4591 1288 4640 monime
1305 4593 1413 4643 inimico

88 4659 127 4718 li,
145 4661 261 4709 munim
278 4666 316 4710 sst
333 4662 428 4711 uirtuti
445 4662 552 4712 inimico
572 4661 602 4710 V.
625 4684 655 4696 -
683 4659 726 4711 39.
745 4662 870 4723 expetivit
890 4659 920 4710 Y.
941 4684 972 4696 -
999 4658 1043 4711 ³7.
1063 4659 1133 4723 fugit
1153 4661 1185 4710 Y.
1205 4684 1239 4696 -
1268 4664 1358 4725 pravis
1375 4668 1413 4713 sst

88 4732 160 4780 testis
176 4743 256 4794 penus
282 4729 347 4780 lili:
376 4734 465 4796 prucis
483 4736 530 4781 est.
560 4731 608 4782 list
625 4744 706 4797 penus
725 4732 778 4782 vs.
808 4756 841 4769 -
870 4729 915 4780 99.
939 4732 1106 4792 opinionibus
1123 4743 1176 4781 ssss
1194 4738 1350 4796 corruptum
1369 4733 1410 4783 Ba

89 4800 255 4863 opinionibus
272 4813 347 4852 omns
364 4809 517 4863 corruptum
535 4803 575 4856 li.
595 4803 763 4864 opinionibus
780 4807 935 4863 comptum
953 4802 984 4853 E.
1004 4800 1054 4866 (lte
1073 4801 1096 4855 V
1114 4814 1168 4854 uun
1186 4800 1293 4869 ltqusb)
1311 4825 1341 4839 -
1362 4802 1407 4856 io.

88 4873 135 4938 qui
152 4869 193 4923 Vs
214 4883 297 4938 qusss
314 4872 352 4938 Y,
369 4884 424 4938 quo
440 4873 488 4924 oio
505 4872 544 4936 li,
563 4885 618 4938 qun
634 4873 662 4924 ui
680 4885 740 4925 sum
757 4871 828 4924 bido
846 4871 880 4922 Β.
1171 4884 1174 4889 ·
