3232 5392
583 240 661 304 ΗΒ.
685 239 711 304 1.
757 237 792 303 C.
819 240 867 309 l'l.
892 238 942 305 18.
1384 243 1426 308 99

107 400 168 466 ianr
191 401 298 466 mitior
327 402 426 465 factus
454 402 515 466 erit
541 402 686 475 auditor,
721 400 845 484 ingredi
872 399 1065 481 pedetentim
1091 397 1124 464 in
1153 397 1368 466 defensionem
1398 410 1429 467 et

107 497 213 560 dicere
243 516 301 571 ea,
335 517 416 581 qnae
447 494 650 579 indignentur
677 495 872 569 adversarii,
907 493 963 558 tibi
997 515 1124 581 quoque
1150 493 1278 578 indigna
1304 497 1426 560 videri:

107 589 241 666 delnde,
276 610 346 655 cnm
368 589 494 654 lenieris
515 578 610 664 eum,
644 589 699 675 qni
720 587 844 662 audiet,
879 591 1117 665 demonstrare,
1151 589 1230 652 nibil
1257 611 1367 654 eorum
1389 592 1429 654 ad

107 693 137 748 te
157 686 320 766 pertinere
341 692 374 749 et
393 705 509 768 negare
532 692 562 747 te
585 683 755 769 quidquam
777 685 817 746 de
839 684 1027 748 adversariis
1043 704 1111 749 esse
1128 687 1302 760 dicturum,
1326 704 1429 770 neque

107 775 166 841 boe
188 798 292 862 neque
315 777 413 855 illud;
437 786 474 842 ut
495 797 599 861 neque
622 786 731 859 aperte
750 776 857 841 laedas
879 799 953 854 eos,
977 781 1032 863 qui
1053 778 1243 862 diliguntur,
1273 787 1306 844 et
1325 788 1452 844 minens

107 873 139 934 id
160 868 295 936 obscure
316 871 452 947 faciens,
476 871 579 956 quoad
603 872 723 955 possis,
746 869 865 957 alienes
886 874 926 935 ab
950 873 996 936 eis
1018 875 1196 938 auditorum
1217 876 1429 952 voluntatem3

108 973 139 1029 et
159 964 337 1050 aliquorum
365 967 516 1029 iudicium
545 964 639 1030 simili
661 967 701 1029 de
723 985 756 1029 re
777 972 831 1029 aut
853 967 1070 1031 auctoritatem
1090 970 1236 1050 prolerre
1258 968 1432 1032 imitatione

108 1057 257 1142 dignam3
291 1061 406 1124 deinde
433 1063 565 1124 eandem
587 1067 642 1121 ant
662 1060 860 1124 consimilem
882 1067 935 1123 aut
956 1060 1107 1125 maiorem
1129 1071 1184 1126 aut
1204 1064 1357 1128 minorem
1380 1063 1432 1146 agi

108 1173 174 1216 rem
203 1155 236 1218 in
268 1155 445 1237 praesentia
477 1157 706 1218 demonstrare.
751 1155 802 1219 25.
839 1156 894 1218 Sin
922 1153 1023 1217 oratio
1051 1157 1304 1220 adversariorum
1336 1155 1432 1221 lidem

107 1246 266 1312 videbitur
286 1245 480 1313 auditoribus
502 1249 634 1318 fecisse,
665 1248 699 1311 id
721 1250 806 1333 quod
828 1250 876 1323 ei,
911 1250 965 1333 qni
993 1248 1159 1332 intelligit,
1194 1251 1307 1335 quibus
1338 1255 1464 1316 rebnsss

108 1339 185 1405 fides
206 1339 279 1416 liat,
308 1342 399 1407 facile
429 1344 489 1407 crit
511 1344 657 1426 cognitu;
691 1349 817 1427 oportet
838 1345 952 1406 auide
975 1362 1036 1419 eo,
1070 1342 1156 1427 quod
1178 1346 1348 1410 adversarii
1372 1344 1433 1411 sibi

107 1433 320 1501 lirmissimum
340 1438 477 1522 putarint
499 1445 531 1501 et
550 1437 687 1502 maxime
709 1438 748 1510 ii,
783 1437 836 1522 qui
857 1437 1003 1511 audient,
1027 1439 1213 1519 probarint,
1243 1441 1379 1522 primum
1403 1450 1433 1505 te

109 1528 265 1594 dictumm
285 1531 444 1616 polliceri,
468 1540 522 1595 aut
542 1533 583 1595 ab
605 1528 777 1596 adversarii
799 1531 882 1594 dicto
904 1531 1045 1594 exordiri
1067 1540 1099 1596 et
1112 1534 1152 1596 ah
1168 1552 1206 1596 eo
1222 1533 1430 1615 potissimum,

108 1623 194 1711 quod
222 1624 276 1690 ille
303 1627 484 1708 nuperrime
516 1626 652 1700 dixerit;
685 1632 739 1690 aut
767 1623 963 1689 dubitatione
985 1627 1050 1701 uti,
1087 1629 1164 1712 quid
1186 1630 1323 1712 primum
1348 1631 1433 1694 dicas

108 1728 161 1783 ant
188 1721 240 1784 cui
265 1714 462 1803 potissimum
490 1721 562 1784 loco
591 1722 806 1802 respondeas,
841 1738 912 1783 cum
943 1715 1162 1785 admiratione.
1211 1725 1288 1786 Nam
1310 1725 1471 1787 auditoris

109 1833 179 1877 cnm
203 1835 293 1889 eum,
326 1834 422 1900 quem
452 1816 626 1879 adversarii
655 1811 872 1899 perturbatum
900 1821 988 1898 putat
1019 1815 1182 1892 oratione,
1215 1816 1301 1881 videt
1328 1819 1433 1882 animo

110 1905 291 1972 firmissimo
320 1917 431 1973 contra
460 1911 566 1973 dicere
594 1917 754 1994 paratum,
788 1907 973 1993 plerumque
998 1929 1033 1975 se
1061 1912 1167 1995 polius
1189 1919 1308 1976 temere
1330 1933 1435 1976 assen-

109 2003 186 2066 sisse
209 2021 304 2087 qnem
325 2004 414 2066 illum
436 2003 504 2066 sine
527 2024 620 2067 causa
642 2002 800 2067 confidere
821 1998 1001 2067 arbitratur.
1047 2006 1102 2068 Sin
1124 2006 1275 2070 auditoris
1296 2008 1435 2071 studium

110 2094 292 2180 defatigatio
314 2095 503 2162 abalienavit
523 2117 543 2160 a
563 2119 679 2173 causa,
711 2106 741 2161 te
762 2099 910 2173 brevius,
946 2118 1038 2183 qnam
1062 2108 1187 2184 paratus
1214 2098 1332 2174 fueris,
1364 2120 1434 2164 esse

111 2193 267 2256 dicturum
288 2196 486 2256 commodum
514 2200 562 2256 est
589 2189 753 2278 polliceri;
786 2213 851 2255 non
865 2193 1074 2258 ‘imitaturum
1108 2195 1333 2259 adversarium.
1379 2195 1473 2258 Sinso

111 2307 160 2351 res
182 2288 292 2361 dabit,
325 2306 389 2351 non
418 2285 530 2350 inutile
559 2295 608 2351 est
635 2284 675 2349 ab
703 2285 808 2370 aliqua
836 2305 871 2349 re
892 2307 976 2352 nova
996 2295 1050 2351 aut
1069 2287 1200 2351 ridicula
1222 2288 1361 2372 incipere
1381 2296 1435 2352 aut

112 2400 149 2444 ex
171 2389 315 2461 tempore
338 2399 417 2466 quae
440 2390 512 2444 nata
534 2383 592 2455 sit;
616 2382 701 2464 qnod
716 2400 831 2463 genus,
856 2379 1005 2464 strepitu,
1030 2380 1274 2458 acclamatione;
1298 2392 1351 2445 aut
1372 2383 1435 2447 iam

111 2480 234 2559 parata,
259 2493 339 2558 quae
353 2471 404 2537 vel
419 2473 587 2557 apologum
604 2473 653 2538 vel
674 2471 812 2537 fabulam
833 2474 884 2538 vel
905 2475 1042 2557 aliquam
1065 2477 1223 2540 contineat
1236 2475 1433 2553 irrisionem;

112 2576 182 2643 aut,
219 2565 246 2630 si
269 2567 315 2632 rei
338 2569 472 2652 dignitas
495 2570 611 2631 adimet
639 2567 764 2632 iocandi
792 2565 991 2644 facultatem,
1023 2567 1139 2653 aliquid
1163 2574 1270 2644 triste,
1303 2590 1432 2645 novum,

112 2662 263 2726 horribile
292 2663 395 2725 statim
426 2682 491 2724 non
519 2659 754 2725 incommodum
776 2669 824 2724 est
845 2660 984 2725 iniicere.
1031 2664 1129 2738 Nam,
1163 2672 1198 2727 ut
1227 2662 1287 2727 cibi
1310 2665 1471 2727 satietasss

112 2764 143 2819 et
164 2753 322 2819 fastidium
346 2762 399 2818 ant
422 2757 587 2819 subamara
609 2756 715 2840 aliqua
736 2773 772 2818 re
793 2755 953 2818 relevatur
974 2762 1028 2818 aut
1054 2754 1137 2820 dulci
1171 2756 1354 2841 mitigatur,
1389 2755 1434 2822 sie

112 2850 234 2914 animus
257 2851 399 2915 defessus
421 2850 576 2915 audiendo
600 2857 653 2914 aut
673 2849 880 2912 admiratione
903 2849 1074 2932 integratur
1094 2860 1148 2914 aul
1168 2854 1233 2915 risu
1254 2860 1399 2916 novatur.

194 2944 308 3007 XVIII.
333 2947 377 3008 Aa
399 2945 566 3030 separatim
587 2943 734 3030 quidem,
766 2963 846 3029 quae
868 2945 907 3007 de
930 2943 1085 3027 principio
1108 2953 1140 3008 et
1161 2942 1200 3009 de
1222 2945 1433 3011 insinuatione

112 3036 245 3103 dicenda
266 3039 471 3112 videbantur,
503 3038 582 3101 haec
609 3035 677 3101 fere
707 3045 790 3101 sunl.
834 3040 923 3101 Nunc
945 3038 1093 3122 quiddam
1114 3040 1203 3102 brevi
1225 3041 1434 3106 communiter

113 3135 151 3197 de
173 3140 308 3216 utroque
330 3132 585 3215 praecipiendum
608 3133 742 3195 videtur.
786 3128 957 3194 Exordium
981 3129 1206 3195 sententiarum
1228 3142 1259 3197 et
1273 3134 1471 3218 gravitatisso

112 3225 280 3310 plurimum
303 3228 399 3291 debet
418 3228 538 3291 habere
559 3234 592 3291 et
612 3224 741 3290 omnino
763 3224 884 3298 omnia,
907 3244 986 3309 qnae
1008 3226 1164 3309 pertinent
1185 3229 1226 3291 ad
1241 3227 1433 3312 dignitatem,

112 3319 145 3383 in
166 3341 201 3385 se
223 3319 403 3396 continere,
426 3327 594 3405 propterea
616 3322 700 3404 quod
724 3319 756 3382 id
780 3319 897 3403 optime
921 3316 1097 3383 faciendum
1120 3327 1185 3395 est,
1221 3327 1306 3407 quod
1330 3331 1436 3390 orato-

113 3434 178 3477 rem
200 3413 338 3478 auditori
361 3415 497 3478 maxime
520 3416 738 3489 commendat;
770 3411 947 3497 splendoris
969 3421 1002 3477 el
1022 3411 1199 3478 festivitatis
1222 3422 1253 3479 et
1275 3415 1436 3480 concinni·

113 3507 228 3572 tudinis
250 3507 431 3584 minimum,
455 3515 623 3590 propterea
645 3509 730 3592 qnod
751 3527 793 3569 ex
814 3507 864 3569 his
885 3506 1020 3592 suspicio
1044 3510 1198 3593 quaedam
1222 3511 1434 3594 apparationis

113 3612 205 3687 atque
239 3600 427 3666 artificiosae
458 3600 638 3686 diligentiae
678 3598 817 3664 nascitur
825 3620 835 3678 ;
878 3620 959 3686 quae
990 3604 1125 3667 maxime
1159 3603 1294 3667 orationi
1325 3601 1471 3681 lidem,as

113 3694 233 3760 oratori
255 3695 365 3760 adimit
385 3697 611 3762 auctoritatem.
653 3697 705 3759 26.
737 3692 820 3759 Vitia
848 3715 924 3759 vero
951 3698 1029 3759 haec
1050 3706 1123 3762 sunt
1145 3699 1319 3762 certissima
1342 3719 1436 3764 exor-

113 3791 259 3865 diorum,
284 3811 364 3874 quae
387 3812 509 3855 summo
532 3808 630 3876 opere
652 3787 744 3854 vitari
766 3790 943 3869 oportebit:
967 3792 1112 3874 vulgare,
1135 3811 1320 3866 commune,
1349 3814 1435 3857 com-

114 3885 282 3959 mutabile,
307 3885 457 3969 longum,
481 3894 677 3971 separatum,
701 3884 909 3958 translatum,
934 3891 1042 3947 contra
1062 3893 1241 3971 praecepta.
1296 3887 1433 3970 Vulgare

113 3986 183 4054 est,
206 3979 291 4062 quod
312 3978 347 4043 in
367 3981 473 4062 plures
494 4001 604 4044 causas
625 3985 729 4065 potest
751 3979 998 4053 accommodari,
1030 3986 1066 4044 ut
1086 3981 1256 4045 convenire
1277 3982 1430 4043 videatur.

114 4073 310 4147 Commune,
345 4072 431 4159 quod
463 4075 563 4138 nihilo
596 4075 700 4137 minus
730 4073 763 4136 in
795 4075 874 4135 hanc
906 4093 1000 4156 quam
1028 4073 1061 4136 in
1091 4075 1279 4138 contrariam
1312 4081 1468 4159 partemio

181 4217 207 4267 3.
228 4215 277 4268 Vr.
297 4230 353 4266 cum
371 4217 498 4268 leuioris·
516 4244 527 4255 ·
544 4218 636 4268 aaudiat
654 4217 707 4267 del.
726 4216 818 4266 Lamb.
840 4215 919 4274 Scin,
939 4218 1050 4267 reclusit
1068 4217 1130 4267 Ero.
1152 4242 1186 4252 -
1203 4217 1229 4266 a.
1248 4218 1380 4280 praesenti
1400 4217 1428 4276 P,

114 4283 176 4337 Stb.
196 4287 262 4346 (non
282 4286 399 4349 vani.)
418 4311 451 4324 —-
471 4289 513 4338 12.
532 4288 642 4339 audierit
660 4287 697 4337 P:
716 4288 850 4338 audierint
868 4286 1016 4336 ΑΙ1ΤΕ.-
1036 4286 1079 4336 11.
1096 4292 1178 4352 putat
1195 4288 1259 4338 cod.
1279 4285 1314 4350 (t)
1332 4287 1429 4348 Ursini,

115 4357 167 4408 ilua
194 4357 357 4409 baltemsndl
384 4359 436 4415 itta
465 4364 563 4420 putam
587 4357 711 4408 Panis.
740 4383 770 4395 —
801 4356 845 4406 19.
872 4355 1026 4421 defetigatio
1044 4357 1082 4415 Τ.
1113 4364 1157 4421 qut
1182 4362 1284 4419 saeptus
1308 4362 1432 4420 antiquat

114 4430 225 4479 retinuit
242 4430 395 4489 scrlpturas.
417 4452 445 4464 -
466 4430 628 4479 abalienabit
645 4429 701 4479 ltr-
720 4454 749 4464 -
769 4427 813 4476 22.
833 4430 960 4490 strepitu,
980 4429 1170 4478 acclamatione
1189 4429 1305 4479 schedae
1325 4429 1433 4479 Ouden-

116 4499 220 4562 dorptta
253 4501 377 4562 strepitus
395 4499 553 4550 acclamatio
573 4512 640 4549 corr.
661 4498 780 4558 Canen,
799 4500 954 4559 strepitum,
974 4499 1191 4548 acclamationem
1210 4500 1240 4548 li.
1259 4498 1321 4547 Scit.
1340 4501 1433 4564 strepi·

115 4575 157 4620 tus
175 4583 216 4632 pr.
235 4568 278 4628 P,
297 4572 436 4632 strepitum
454 4571 499 4620 ΔΤ
519 4578 546 4621 et
564 4583 630 4620 corr.
650 4568 687 4627 P,
706 4570 844 4631 strepitum
863 4576 910 4618 out
929 4569 970 4627 11,
995 4569 1213 4618 adclamatiouem
1231 4568 1299 4618 itit
1319 4577 1345 4618 et
1363 4582 1432 4620 corr.

115 4641 145 4696 P.
164 4639 371 4703 (adclamatione
389 4653 429 4702 pr.
442 4638 483 4702 P.)
500 4663 528 4675 -
548 4641 592 4690 27.
612 4645 756 4689 renovatur
773 4639 814 4697 11,
836 4638 946 4698 lamb,
966 4645 995 4688 ut
1012 4639 1070 4688 Lib.
1090 4639 1117 4696 a,
1135 4635 1165 4700 §i
1185 4638 1229 4689 49.
1247 4663 1273 4674 -
1293 4638 1337 4687 28.
1358 4648 1383 4690 et
1401 4639 1434 4691 de

115 4713 292 4762 Muuadoue
311 4710 417 4761 Pani:
437 4719 462 4761 et
480 4711 656 4760 insinuatione
676 4709 729 4759 vti.
750 4733 780 4744 -
811 4709 855 4759 29.
883 4709 955 4758 breui
973 4710 1143 4767 communiter
1165 4708 1253 4761 rat:
1279 4709 1391 4760 breuiter
1408 4717 1434 4763 st

116 4784 288 4833 communiter
304 4782 360 4832 nn.
389 4806 420 4818 -
451 4782 494 4833 113.
515 4780 680 4831 commendat
698 4778 808 4829 rint:
837 4779 995 4829 commendet
1011 4791 1070 4827 aum
1090 4777 1146 4827 Ert-
1166 4780 1197 4828 it.
1217 4805 1245 4819 -
1279 4780 1323 4830 ³7.
1351 4782 1435 4832 uitari

107 4843 150 4907 Ῥ.
166 4853 241 4904 Ertt
260 4852 347 4904 uitare
359 4851 462 4904 anti.
478 4878 508 4890 -
529 4851 571 4904 311.
593 4852 720 4902 tralatum
738 4851 780 4902 blc
799 4855 826 4902 et
844 4849 911 4902 lnlts
920 4848 952 4899 T.
969 4873 999 4886 -
1017 4847 1062 4898 40.
1078 4845 1216 4902 Commune
1233 4849 1342 4904 eante
1362 4850 1435 4905 Com·

116 4934 192 4976 mass
207 4926 246 4977 est
264 4920 323 4975 vlt.
