3216 5400
164 215 227 280 316
689 212 743 277 DE
766 210 953 277 ORATORE
1056 208 1059 219 ¹

162 379 293 464 putavit.
339 377 444 454 Quare
472 396 535 440 non
563 380 611 438 est
637 392 809 457 paucorum
837 370 1015 438 libellorum
1043 374 1105 438 boc
1132 391 1264 447 munus,
1296 382 1332 439 ut
1353 373 1394 450 ii,
1431 376 1488 463 qui

162 470 355 557 scripserunt
383 469 422 535 de
451 468 574 534 dicendi
604 470 742 543 ratione,
778 466 921 532 arbitrati
950 476 1041 543 sunt,
1076 486 1180 553 neque
1201 469 1368 534 Tusculani
1390 477 1489 557 atque

162 563 256 630 buius
284 564 505 630 ambulationis
535 564 800 628 antemeridianae
831 570 886 626 aut
910 570 1037 626 nostrae
1065 563 1300 646 pomeridianac
1322 564 1486 629 sessionis.

162 660 233 724 Non
255 661 338 724 enim
359 660 461 723 solum
484 660 625 723 acuenda
644 656 737 722 nobis
758 676 862 741 neque
883 655 1084 741 procudenda
1106 657 1214 741 lingua
1236 665 1294 730 est,
1330 658 1387 724 sed
1410 681 1489 724 one-

139 750 295 820 ⁵randum
326 752 608 839 complendumque
635 759 743 838 peetus
774 751 984 816 maximarum
1005 771 1113 817 rerum
1136 760 1167 815 et
1187 750 1394 837 plurimarum
1416 774 1489 818 sua·

162 850 276 925 vitate,
301 850 408 935 eopia,
436 847 599 913 varietate.
642 849 759 912 XXXl.
785 850 855 910 122.
888 849 1003 910 Nostra
1024 852 1072 910 cst
1092 844 1176 910 enim
1198 847 1405 912 -simodo
1428 869 1487 912 nos

162 949 320 1019 oratores,
355 943 381 1008 si
402 943 435 1005 in
457 944 573 1007 civium
595 939 890 1027 disceptationibus,
925 939 951 1003 si
972 941 1004 1004 in
1026 940 1192 1026 periculis,
1228 943 1254 1007 si
1275 944 1309 1006 in
1333 940 1487 1007 delibera-

162 1038 299 1102 tionibus
319 1036 453 1121 publicis
475 1036 643 1102 adhibendi
664 1045 807 1101 auctores
829 1044 861 1098 et
881 1036 1041 1119 principes
1063 1055 1170 1101 sumus
1192 1071 1255 1113 -,
1290 1046 1399 1102 nostra
1422 1043 1485 1111 est,

162 1130 307 1218 inquam,
330 1133 432 1195 omnis
451 1133 510 1195 ista
533 1130 715 1217 prudentiae
734 1130 957 1215 doctrinaeque
975 1132 1151 1216 possessio,
1176 1132 1208 1195 in
1229 1132 1486 1215 quambomines

124 1239 152 1280 1⁰
162 1224 250 1311 quasi
270 1228 417 1290 caducam
440 1232 532 1312 atque
555 1246 685 1290 vacuam
708 1227 902 1289 abundantes
926 1226 1008 1300 otio,
1041 1222 1133 1289 nobis
1156 1227 1333 1311 occupatis,
1367 1225 1487 1292 invola·

160 1328 273 1385 verunt
293 1328 387 1407 atque
408 1320 503 1385 etiam
521 1330 576 1385 aut
597 1321 763 1384 irridentes
786 1329 964 1395 oratorem,
995 1327 1029 1382 nt
1048 1318 1100 1382 ille
1122 1317 1155 1382 in
1179 1318 1296 1402 Gorgia
1317 1322 1483 1394 Socrates,

161 1414 346 1480 cavillantur
367 1421 420 1479 aut
442 1413 559 1499 aliquid
575 1416 614 1478 de
630 1417 764 1479 oratoris
786 1422 854 1478 arte
874 1413 983 1498 paucis
1004 1415 1207 1497 praecipiunt
1229 1412 1344 1479 libellis
1367 1434 1484 1499 eosque

159 1510 333 1574 rhetoricos
361 1507 551 1582 inscribunt,
586 1509 676 1593 quasi
705 1528 768 1572 non
796 1509 850 1572 illa
879 1508 941 1571 sint
964 1510 1093 1594 propria
1118 1509 1302 1586 rhetorum,
1337 1529 1418 1597 quae
1446 1510 1484 1573 ab

159 1600 269 1667 iisdem
295 1601 334 1667 de
357 1603 492 1677 iustitia,
518 1605 556 1666 dc
578 1599 701 1676 officio,
731 1604 771 1665 de
793 1603 969 1667 civitatibus
988 1601 1186 1666 instituendis
1208 1609 1240 1666 et
1261 1602 1424 1687 regendis,
1447 1606 1484 1668 de

120 1707 150 1751 1⁵
160 1696 245 1761 omni
268 1695 410 1771 vivendi,
444 1695 579 1780 denique
605 1696 700 1761 etiam
725 1697 764 1759 de
787 1703 915 1760 naturae
941 1694 1063 1760 ratione
1087 1694 1244 1761 dicuntur.
1290 1701 1362 1762 133.
1398 1699 1484 1776 Quae

158 1788 306 1878 quoniam
327 1791 389 1854 iam
412 1791 538 1856 aliunde
558 1809 622 1855 non
643 1809 827 1877 possumus,
851 1793 1000 1855 sumenda
1022 1800 1094 1857 sunt
1114 1793 1206 1856 nobis
1230 1793 1269 1855 ab
1293 1794 1331 1857 iis
1354 1791 1445 1878 ipsis,
1468 1813 1485 1856 a

159 1881 272 1970 quibus
293 1887 421 1971 expilati
441 1906 567 1963 sumns3
605 1886 777 1949 dummodo
803 1883 917 1951 illaad
943 1883 1021 1949 banc
1050 1885 1172 1950 civilem
1199 1886 1383 1962 scientiam,
1423 1907 1484 1973 quo

157 1981 316 2066 pertinent
337 1988 369 2043 et
383 2000 475 2064 quam
491 1981 661 2058 intuentur,
687 1976 927 2057 transferamus;
957 2001 1076 2067 neque,
1099 1987 1133 2045 ut
1153 1988 1225 2044 ante
1250 1978 1335 2054 diri,
1360 1999 1484 2045 omnem

158 2079 297 2137 teramus
319 2074 351 2137 in
372 2076 421 2138 bis
439 2072 594 2138 discendis
614 2071 708 2138 rebus
727 2081 881 2151 aetatem
906 2071 961 2138 sed
982 2095 1054 2139 cum
1070 2076 1175 2140 sontes
1191 2072 1381 2147 viderimus,
1405 2095 1484 2159 quos

122 2166 219 2233 sonisi
242 2169 296 2254 qui
318 2166 462 2233 celeriter
482 2166 642 2252 cognorit,
675 2187 835 2254 nunquam
863 2176 1034 2252 cognoscet
1059 2168 1205 2243 omnino,
1235 2177 1318 2243 tum,
1348 2171 1485 2254 quoties·

159 2281 282 2349 cunque
303 2261 382 2349 opus
405 2264 481 2338 erit,
496 2341 498 2346 ,
513 2283 552 2326 ex
575 2264 614 2326 iis
637 2269 775 2339 tantum,
800 2271 951 2346 quantum
972 2283 1024 2326 res
1046 2269 1145 2348 petet,
1168 2260 1360 2352 hauriemus.
1408 2266 1480 2327 tat.

156 2358 235 2421 Nam
257 2377 360 2442 neque
383 2364 446 2420 tam
468 2362 516 2420 est
536 2354 616 2419 acris
638 2354 720 2419 acies
743 2356 775 2421 in
795 2359 915 2421 naturis
936 2355 1098 2422 hominum
1125 2363 1157 2421 et
1184 2356 1331 2439 ingeniis,
1366 2363 1403 2420 nt
1430 2376 1480 2423 res

157 2458 258 2516 tantas
277 2450 442 2536 quisquam
459 2450 519 2515 nisi
538 2456 724 2514 monstratas
739 2450 839 2537 possit
852 2450 977 2528 videre3
1002 2472 1105 2538 neque
1121 2459 1205 2516 tauta
1221 2450 1371 2515 tamenin
1388 2453 1483 2516 rebus

158 2542 350 2621 obscuritas,
379 2555 414 2609 ut
436 2564 488 2608 eas
515 2564 578 2608 non
603 2545 728 2626 penitus
747 2548 812 2611 acri
834 2548 884 2611 vir
905 2546 1032 2629 iugenio
1055 2553 1178 2621 cernat,
1205 2546 1349 2610 simodo
1372 2549 1484 2630 adspe-

119 2639 250 2706 asserit.
294 2640 329 2703 In
350 2643 410 2703 hoc
432 2637 529 2721 igitur
552 2646 636 2702 tanto
665 2648 728 2702 tam
751 2643 968 2723 immensoque
991 2659 1122 2726 campo,
1159 2661 1230 2703 cum
1253 2640 1345 2705 liceat
1364 2643 1483 2705 oratori

158 2733 267 2818 vagari
286 2733 386 2799 libere
409 2741 520 2817 atque,
543 2733 723 2817 ubicunque
743 2736 931 2808 constiterit,
954 2736 1125 2799 consistere
1146 2736 1179 2797 in
1201 2755 1274 2810 suo,
1296 2732 1387 2798 facile
1411 2756 1484 2818 sup-

155 2829 277 2913 peditat
305 2829 407 2892 omnis
434 2833 600 2912 apparatus
630 2836 820 2912 ornatusque
850 2826 985 2893 dicendi.
1032 2832 1103 2892 125.
1138 2832 1254 2894 Rerum
1285 2831 1369 2892 enim
1390 2831 1480 2915 copia

156 2920 326 2988 verborum
348 2924 471 3004 copiam
494 2923 611 3005 gignit;
649 2929 693 2995 et,
716 2924 742 2985 si
773 2931 821 2987 est
843 2921 988 2987 honestas
1009 2921 1042 2986 in
1065 2924 1160 2987 rebus
1181 2922 1274 3008 ipsis,
1306 2926 1346 2987 de
1368 2926 1482 3009 quibus

157 3013 285 3090 dicitur,
321 3018 442 3080 exsistit
463 3038 504 3079 ex
532 3035 566 3080 re
598 3015 746 3081 naturalis
778 3015 904 3102 quidam
934 3015 1081 3102 splendor
1102 3019 1134 3080 in
1156 3019 1273 3082 verbis.
1319 3018 1366 3082 Sit
1387 3022 1482 3083 modo

120 3109 199 3184 ais,
233 3109 288 3194 qui
317 3109 399 3175 dicet
426 3118 479 3173 aut
508 3108 642 3185 scribet,
677 3109 837 3175 institutus
864 3111 1037 3176 liberaliter
1065 3109 1251 3175 educatione
1279 3114 1482 3196 doctrinaque

156 3202 270 3284 puerili
293 3211 324 3267 et
344 3206 456 3288 tlagret
476 3203 579 3268 studio
602 3211 633 3267 et
655 3225 673 3266 a
694 3213 804 3269 natura
819 3208 986 3270 adiuvetur
1002 3215 1033 3269 et
1047 3206 1079 3269 in
1092 3205 1314 3270 universorum
1330 3227 1481 3290 generum

156 3295 285 3361 infinitis
313 3298 591 3382 disceptationibus
621 3301 813 3364 exercitatus
847 3301 1062 3365 ornatissimos
1083 3299 1255 3382 scriptores
1278 3310 1482 3388 oratoresque

157 3391 197 3453 ad
219 3390 471 3475 cognoscendum
493 3393 743 3476 imitandumque
765 3392 934 3476 delegerit,
958 3415 1017 3458 nae
1037 3393 1091 3459 ille
1112 3393 1196 3459 baud
1218 3416 1309 3471 sane,
1333 3400 1483 3481 quemad·

157 3486 285 3547 modum
307 3488 405 3551 verba
427 3493 526 3550 struat
546 3495 578 3551 et
599 3486 769 3562 illuminet,
806 3508 824 3551 a
844 3486 1000 3572 magistris
1029 3486 1097 3552 istis
1126 3488 1278 3573 requiret.
1324 3492 1370 3554 lta
1392 3489 1482 3555 facile

118 3578 189 3641 sein
212 3601 316 3644 rerum
339 3578 527 3645 abundantia
550 3585 588 3646 ad
612 3580 764 3647 orationis
786 3590 969 3647 ornamenta
991 3585 1057 3647 sine
1080 3586 1174 3658 duce,
1207 3591 1318 3650 natura
1339 3584 1424 3669 ipsa,
1456 3588 1482 3651 si

156 3675 251 3737 modo
275 3680 321 3737 est
343 3675 492 3752 excitata,
517 3676 650 3741 labetur.

241 3770 373 3832 XXXII.
400 3772 472 3833 126.
503 3772 563 3834 Hic
587 3771 732 3846 Catulus,
757 3770 806 3837 Dii
828 3771 1042 3846 immortales,
1066 3771 1182 3857 inquit,
1206 3782 1353 3860 quantam
1375 3794 1481 3840 rerum

157 3861 358 3938 varietatem,
382 3871 529 3947 quantam
545 3867 626 3941 vim,
651 3872 799 3951 quantam
816 3867 958 3950 copiam,
983 3866 1112 3942 Crasse,
1137 3871 1321 3952 complexus
1335 3890 1370 3933 es
1384 3890 1482 3953 quan·

159 3993 1481 4022 Ἣ

225 4091 252 4141 2,
272 4091 439 4142 arbitrantur
456 4092 489 4142 Α.
512 4119 540 4130 -
562 4091 587 4144 3.
609 4093 798 4144 ambulationes
815 4119 826 4130 ·
845 4097 998 4146 -sessiones
1016 4096 1048 4145 B.
1068 4121 1100 4131 -
1120 4097 1146 4147 4.
1164 4097 1332 4160 providenda
1350 4098 1381 4149 Β.
1402 4123 1434 4134 -
1453 4098 1480 4147 7.

157 4169 278 4213 oratores
296 4163 343 4213 ΑΒ
362 4163 479 4225 altique:
513 4170 631 4215 oratores
649 4178 739 4214 sumus
757 4166 812 4216 RE·
838 4190 870 4201 -
902 4169 925 4216 si
943 4168 1131 4230 impatientis,
1161 4170 1184 4218 si
1201 4169 1231 4218 in
1247 4168 1483 4219 deliberationibus

156 4247 210 4286 313.
230 4234 263 4283 Α.
284 4256 314 4270 -
340 4234 367 4282 8.
387 4235 533 4284 adimendis
551 4235 594 4292 Α,
614 4236 748 4285 adimendi
766 4237 797 4285 B.
819 4261 847 4272 -
874 4236 901 4286 a.
921 4238 1355 4300 inquu··cuduoa··vacua
1372 4240 1428 4289 AB.
1448 4265 1481 4275 -

156 4303 200 4355 1⁸1.
220 4306 388 4367 exspoliatio
402 4304 486 4355 Codd.
506 4306 568 4368 aliq.
584 4305 616 4355 T.
636 4306 682 4365 (Ut
697 4319 758 4364 nos,
779 4304 880 4369 abii.)
901 4332 930 4343 -
950 4305 1013 4372 quo]
1033 4323 1086 4373 qun
1097 4309 1131 4360 Α.
1152 4334 1180 4345 -
1202 4308 1244 4360 18.
1264 4312 1396 4360 intuemur
1415 4310 1479 4361 Ccd.

154 4373 219 4438 bag.
238 4375 320 4438 sitq,
341 4382 369 4425 ut
382 4377 495 4427 malebat
508 4377 655 4426 senonim.
675 4372 720 4439 (Ut
732 4390 796 4439 nos,
816 4375 963 4438 31111.)-
982 4379 1026 4428 21.
1047 4380 1196 4430 buariemus
1208 4379 1305 4440 illidi:
1324 4381 1481 4430 banniamus

156 4444 285 4496 Lsmblno
304 4454 412 4497 auctore
433 4448 465 4497 li.
487 4472 515 4483 -
537 4447 702 4498 33311113.
724 4473 752 4484 -
785 4447 829 4498 26.
850 4452 990 4500 consistere
1008 4463 1061 4500 orn.
1081 4450 1136 4500 AB.
1158 4476 1188 4487 -
1218 4451 1262 4500 28.
1286 4452 1423 4501 uerborum
1442 4466 1481 4502 aa

154 4517 428 4577 alemonam-
459 4514 536 4581 ipsis]
556 4519 589 4567 iis
608 4517 639 4568 li.
670 4541 698 4552 -
730 4518 774 4568 29.
794 4533 870 4571 ecre
888 4520 1023 4570 maturatis
1041 4522 1086 4571 ΑΒ
1110 4528 1136 4572 31
1162 4522 1204 4571 sltt
1225 4523 1335 4574 bulusoe
1355 4522 1479 4581 laminae,

156 4584 258 4635 ut.Vet.
280 4587 373 4649 steph.
394 4585 445 4637 Gu.
465 4589 510 4639 31
531 4601 563 4636 ex
580 4590 620 4639 sei
636 4594 738 4637 notura
757 4589 833 4638 RET.
848 4613 881 4625 -
900 4591 942 4641 30.
963 4591 1055 4642 scribet
1074 4600 1098 4642 et
1117 4594 1255 4642 institutus
1266 4593 1322 4651 ΑΒ.
1339 4618 1370 4628 -
1389 4592 1432 4641 31.
1453 4596 1481 4642 in

157 4667 210 4704 om.
229 4655 261 4704 R.
284 4680 312 4691 -
333 4657 377 4707 33.
398 4658 435 4706 ud
454 4672 507 4709 om.
527 4659 583 4709 AB.
606 4681 632 4693 -
655 4658 777 4721 delegerit
795 4659 841 4709 ΑΒ
861 4659 977 4723 allique:
998 4662 1237 4724 3333311113.-
1260 4660 1341 4725 bandi
1361 4663 1478 4714 331ΑΒ.

157 4747 189 4759 -
209 4723 252 4773 311.
275 4733 359 4778 struet
375 4727 431 4777 AB.
453 4752 483 4766 -
503 4728 547 4779 35.
566 4726 763 4793 adorationis]
783 4727 971 4781 adoinasionis
988 4732 1043 4780 ΑΒ.
1064 4757 1094 4768 -
1121 4732 1164 4783 33.
1183 4734 1300 4784 excitata
1319 4733 1478 4784 Scbtttzlus:

157 4796 379 4847 sancitatucum
400 4801 494 4849 ceteris
513 4799 648 4851 1111311ΛΒ
667 4799 768 4851 31113.
789 4824 820 4837 -
852 4800 1214 4864 detubtsurA,tubtsur11.
1243 4830 1272 4841 -
1303 4802 1348 4854 37.
1369 4805 1481 4855 Dittm-

156 4865 280 4916 mortutes
298 4867 338 4916 bic
357 4868 463 4919 Catulus
480 4869 511 4918 B.
