3232 5392
405 196 407 202 ’
525 230 601 294 666.
625 229 666 292 11.
712 230 744 295 6.
766 230 816 293 66.
839 227 890 291 66.
913 229 962 291 66.
987 229 1038 291 66.
1387 233 1446 293 666

125 393 289 455 ducantur.
335 389 406 452 259.
431 391 486 452 Est
508 387 602 451 etiam
623 389 655 451 in
677 383 778 452 66666
802 386 939 470 positum
962 409 1026 453 non
1047 389 1198 452 insulsum
1220 406 1319 471 genus
1341 412 1445 462 6666,

125 504 196 548 cum
219 484 258 547 ad
282 486 426 555 verbum,
450 500 513 546 non
535 479 574 545 ad
596 481 777 545 sententiam
800 498 868 542 rem
889 483 1034 564 accipere
1056 485 1202 560 videare;
1234 501 1361 565 exgquo
1383 504 1446 548 uno

125 596 243 659 genere
274 585 358 640 totus
385 584 433 639 est
458 578 573 649 Tutor,
611 573 724 637 mimus
752 579 858 645 vetus,
895 577 1015 660 oppido
1037 575 1197 641 ridiculus.
1243 579 1305 641 Sed
1327 579 1448 641 abeoa

126 669 245 747 mimis;
270 677 389 733 tantum
414 689 512 752 genus
533 671 626 733 buius
648 666 771 732 ridiculi
794 664 909 748 insigni
930 671 1036 754 aliqua
1057 678 1089 733 et
1108 677 1182 735 nota
1197 693 1231 736 re
1246 672 1349 735 666666
1364 670 1446 735 volo.

125 768 181 829 Est
202 771 306 828 antem
329 783 368 826 ex
390 762 449 828 666
473 782 589 846 genere
610 760 706 836 illud,
729 761 814 844 quud
837 767 888 834 tu,
913 764 1040 837 Crasse,
1070 784 1174 846 nuper
1194 767 1240 841 66,
1267 769 1321 852 qui
1342 775 1373 830 te
1394 783 1469 830 ro·⁵

125 866 246 943 gasset,
268 878 344 920 num
367 854 423 920 tibi
446 858 598 921 molestus
621 863 703 920 esset
724 855 863 925 iuturus,
886 854 912 917 si
935 860 974 920 ad
997 865 1027 921 te
1045 859 1126 922 bene
1141 867 1213 924 ante
1228 858 1330 924 lucem
1344 859 1448 924 venis-

125 961 191 1016 set:
224 955 277 1014 Tu
300 969 407 1024 6666,
430 950 574 1035 inquisti,
598 949 799 1014 molestus
821 966 898 1010 non
921 950 1013 1014 eris.
1057 951 1220 1016 Iubebis
1242 952 1369 1036 igitur
1389 962 1445 1027 te,

127 1044 246 1130 inquit,
270 1042 483 1109 suscitarit
505 1053 600 1117 ettu,
623 1046 741 1110 Certe
761 1059 947 1124 negaram
969 1051 1008 1107 te
1031 1044 1238 1110 molestum
1260 1044 1447 1112 futurum.
1515 1104 1524 1126 ,

126 1143 200 1203 260.
223 1142 272 1202 Ex
294 1141 406 1203 eodem
428 1138 490 1201 boe
511 1145 602 1201 vetus
623 1135 700 1201 illud
722 1144 787 1212 est,
814 1137 899 1222 quod
921 1137 1008 1199 aiunt
1028 1138 1273 1221 Maluginensem
1294 1139 1381 1204 illum
1402 1145 1444 1205 Μ.

128 1235 322 1318 Scipionem,
347 1250 417 1295 cum
440 1251 480 1293 ex
502 1232 641 1294 centuria
663 1251 720 1293 666
741 1230 934 1295 renuntiaret
953 1229 1118 1294 Acidinum
1140 1234 1300 1296 consulem
1316 1254 1484 1315 praeco-1⁰

126 1345 187 1411 que
209 1326 353 1389 dixisset:
391 1321 461 1386 Dic
490 1324 536 1386 de
565 1326 600 1386 L.
623 1321 786 1387 61661661
824 1323 961 1388 Virum
991 1326 1150 1400 bonum,
1183 1325 1298 1408 inquit,
1333 1347 1447 1410 egre-

126 1423 314 1503 giumque
336 1418 467 1481 civem
489 1435 578 1480 6666
599 1415 790 1480 66666666.
835 1415 976 1481 Ridicule
999 1415 1092 1480 etiam
1114 1416 1190 1481 illud
1216 1421 1251 1480 L.
1274 1417 1297 1498 †
1318 1422 1447 1484 Porcius

126 1514 237 1576 Nasica
261 1513 384 1575 censori
407 1511 534 1583 Catoni,
556 1509 714 1585 66666116,
750 1513 808 1575 Ex
834 1512 889 1575 tui
916 1511 1038 1574 animi
1061 1511 1265 1575 sententia
1287 1521 1328 1576 tu
1349 1536 1447 1579 uxo·

126 1626 210 1670 rem
241 1603 382 1670 babes?
420 1608 502 1669 Non
536 1603 718 1680 bercule,
754 1606 873 1688 inquit,
907 1623 955 1666 ex
985 1601 1060 1666 mei
1089 1604 1205 1667 animi
1229 1612 1443 1671 sententia.

127 1701 213 1763 11666
234 1708 288 1763 666
308 1697 422 1783 frigida
442 1705 515 1761 sunt
536 1708 590 1762 aut
611 1700 676 1762 tuni
690 1696 787 1774 66166,
810 1717 882 1762 eum
896 1696 979 1761 aliud
996 1704 1045 1760 est
1058 1705 1284 1779 exspectatum.
1330 1703 1481 1765 Naturane

126 1796 211 1856 enim
233 1811 309 1866 nos,
332 1799 367 1857 nt
389 1798 460 1855 ante
483 1792 566 1866 dixi,
590 1799 698 1856 noster
719 1793 854 1856 delectat
875 1810 983 1867 66666;
1019 1810 1060 1854 66
1082 1811 1162 1875 quo,
1186 1812 1258 1855 cnm
1282 1794 1371 1875 quasi
1392 1797 1446 1857 de-

126 1887 208 1972 cepti
238 1906 345 1949 sumus
375 1887 626 1969 exspectatione,
656 1887 806 1949 ridemus.
850 1886 1041 1949 666661.
1073 1886 1109 1948 In
1139 1887 1243 1949 verbis
1272 1886 1366 1950 etiam
1393 1885 1446 1951 6116

126 1987 216 2055 sunt,
240 2000 320 2065 quae
342 1987 396 2043 aut
417 1999 457 2042 ex
479 1980 642 2043 immutata
664 1980 807 2043 oratione
828 1977 985 2043 ducuntur
1005 1985 1059 2042 aut
1081 2000 1121 2043 ex
1137 1979 1230 2043 unius
1244 1977 1334 2044 verbi
1348 1990 1446 2043 trans·

126 2073 243 2138 latione
264 2083 320 2137 aut
341 2095 381 2137 ex
400 2071 581 2136 inversione
607 2074 788 2135 verborum.
833 2074 881 2136 Ex
910 2071 1143 2147 immutatione,
1176 2082 1211 2136 ut
1239 2073 1315 2138 olim
1345 2078 1445 2138 llnsca

126 2186 198 2231 eum
220 2169 323 2249 legem
345 2167 441 2230 166666
463 2167 621 2239 annalem,
655 2165 814 2231 dissuasor
834 2166 876 2228 61.
894 2165 1059 2240 Servilius,
1092 2165 1161 2230 1666
1183 2167 1294 2241 mibi,
1328 2168 1481 2252 inquinas

126 2261 342 2334 61666666,
378 2281 487 2334 num,
521 2261 555 2323 66
584 2268 726 2325 666666
753 2266 791 2322 66
818 2258 978 2333 dixero,
1015 2260 1106 2322 mibi
1136 2257 1445 2325 maledicturus

127 2375 186 2428 es,
208 2362 247 2418 66
268 2352 421 2417 6616666
441 2352 604 2417 16666666
640 2355 684 2416 Ut
705 2358 922 2416 sementem
945 2350 1110 2427 leceris,
1144 2354 1364 2430 itametes‚
1398 2358 1446 2419 in-

127 2449 204 2534 quit
246 2449 319 2510 266.
343 2450 392 2511 Ex
412 2445 613 2510 translatione
636 2453 759 2520 autem,
782 2451 833 2518 nt,
857 2463 929 2508 cum
950 2444 1054 2529 Scipio
1077 2444 1129 2510 ille
1152 2448 1254 2511 maior
1276 2449 1446 2514 Corinthiis

127 2553 258 2609 statuam
280 2540 503 2624 pollicentibus
525 2560 563 2603 66
586 2538 673 2613 1666,
695 2542 749 2602 666
772 2537 906 2602 aliorum
921 2537 1280 2621 essentimperatorum,
1304 2550 1445 2606 turma·

127 2636 187 2702 les
209 2637 288 2700 dixit
309 2634 543 2718 displicere.
589 2635 789 2698 Invertuntur
809 2637 914 2694 autom
935 2628 1048 2703 66666,
1071 2640 1119 2705 66,
1149 2635 1277 2697 Crassus
1298 2638 1380 2720 apud
1402 2638 1480 2699 6166

128 2732 317 2812 Perpernam
339 2727 473 2792 iudicem
488 2748 547 2811 666
565 2726 721 2793 Aculeone
743 2748 815 2791 cum
836 2721 975 2797 diceret,
998 2722 1103 2788 aderat
1124 2734 1232 2790 eontra
1253 2729 1444 2792 Aculeonem

129 2822 307 2887 Gratidiano
330 2824 364 2885 L.
378 2821 487 2885 Aelius
508 2820 636 2895 Lamia,
670 2819 835 2891 deformis,
858 2824 892 2881 ut
915 2819 1030 2895 nostis;
1062 2820 1116 2905 qui
1138 2839 1209 2884 cum
1231 2820 1446 2904 interpellaret

128 2917 254 2990 odiose,
289 2915 523 2988 Audiamus,
557 2913 671 3000 inquit,
704 2912 950 2996 pulchellum
972 2931 1154 2998 puerum,
1186 2916 1323 2979 Crassus.
1367 2917 1445 2979 Gnm

128 3017 210 3073 66666
230 3007 379 3084 arrisum,
412 3012 495 3072 Non
516 3006 633 3093 potui
654 3009 761 3080 mibi,
789 3009 891 3096 inquit
912 3006 1038 3083 Lamia,
1071 3005 1239 3073 lormam
1259 3007 1348 3094 ipse
1370 3008 1445 3073 lin-

129 3121 237 3185 gere3
272 3100 484 3185 ingenium
517 3100 643 3183 potui.
688 3105 764 3165 Tum
787 3100 853 3178 bic,
889 3104 1122 3174 Audiamus,
1154 3101 1275 3187 inquit,
1314 3102 1481 3168 diser-³⁰

128 3203 168 3259 tn
178 3218 218 3264 m.
261 3198 359 3260 616166
382 3197 477 3259 etiam
498 3194 630 3259 arrisum
660 3201 708 3258 666
732 3196 960 3262 vehementius.
1006 3200 1083 3262 Sunt
1104 3197 1197 3259 etiam
1220 3195 1273 3261 illa
1293 3206 1442 3271 venusta,

128 3297 162 3351 nt
189 3287 222 3351 in
251 3290 397 3372 graubus
426 3290 607 3358 sententiis,
639 3285 684 3350 666
711 3289 744 3352 66
773 3286 906 3355 facetiis.
950 3290 1024 3354 Dixi
1045 3287 1129 3353 enim
1151 3290 1269 3353 dudum
1290 3290 1444 3357 rationem

128 3381 221 3446 aliam
243 3402 312 3446 esse
334 3383 413 3456 ioci,
437 3381 529 3447 aliam
551 3381 741 3459 severitatis;
764 3386 906 3465 gravium
928 3391 1030 3449 autem
1053 3390 1085 3446 et
1105 3383 1246 3447 iocorum
1262 3403 1357 3449 unam
1375 3403 1444 3449 esse

128 3474 306 3552 materiam;
328 3479 399 3540 263.
421 3484 533 3541 ornant
553 3476 650 3560 igitur
671 3475 823 3561 imprimis
845 3475 1022 3542 orationem
1042 3472 1139 3539 66666
1160 3477 1258 3539 relata
1273 3479 1443 3554 contrarie;

128 3575 212 3654 qnod
234 3571 317 3633 idem
339 3589 437 3653 genus
458 3590 551 3653 saepe
573 3579 621 3635 est
642 3573 736 3636 etiam
757 3571 910 3648 facetum
943 3576 991 3644 nt,
1026 3571 1152 3634 Servius
1179 3567 1232 3634 ille
1255 3568 1352 3634 Galba
1374 3591 1444 3635 cum
1455 3597 1481 3637 66

130 3661 247 3725 iudices
268 3664 304 3730 L.
321 3664 485 3728 Scribonio
507 3662 633 3728 tribuno
656 3664 758 3747 plebis
778 3666 877 3730 ferret
893 3663 1059 3729 familiares
1073 3682 1147 3728 suos
1163 3672 1195 3726 66
1209 3661 1340 3729 dixisset
1353 3663 1443 3738 Libo,

130 3755 288 3832 Quando
318 3761 490 3833 tandem,
528 3760 668 3833 Galba,
701 3757 746 3823 de
776 3757 959 3824 triclinio
988 3766 1055 3824 tun
1086 3754 1237 3821 6666661
1275 3758 1366 3823 Cum
1388 3768 1444 3830 tu,

129 3849 249 3933 inquit,
285 3854 332 3915 de
360 3848 549 3916 cubiculo
571 3851 719 3917 alieno.
764 3855 791 3916 A
813 3873 876 3939 qno
899 3870 1015 3935 genere
1035 3869 1076 3915 ne
1096 3849 1175 3915 illud
1197 3848 1324 3936 quidem
1346 3849 1445 3933 pluri·

130 3964 214 4005 mum
237 3943 343 4018 distat,
366 3947 450 4029 quod
473 3944 601 4011 Glaucia
614 3945 756 4021 Metello,
780 3945 924 4013 Villam
949 3944 987 4009 in
1009 3943 1177 4009 Tiburte
1198 3945 1339 4017 babes,
1364 3962 1445 4007 cor·

130 4043 204 4099 tem
227 4038 265 4101 in
287 4039 458 4101 Palatio.
1454 4064 1481 4101 66

212 4133 416 4198 16111666.
448 4135 493 4196 66
523 4134 694 4197 verborum
724 4133 852 4217 pridem
882 4151 996 4216 genera
1018 4151 1100 4219 quae
1122 4128 1363 4204 666666166666,
1399 4125 1445 4192 di·

129 4254 1442 4286 —ffl——A———Q

197 4367 223 4416 1.
243 4364 332 4431 ettam]
353 4367 637 4425 66166Β,66666616.
665 4393 698 4406 -
728 4367 754 4418 Β.
773 4373 830 4420 tute
847 4368 879 4419 Β.
902 4392 930 4404 -
961 4370 988 4420 b·
1013 4372 1038 4419 66
1055 4379 1107 4418 666.
1128 4367 1159 4417 a.
1190 4390 1218 4403 -
1248 4365 1276 4415 7.
1295 4364 1382 4428 inputa
1399 4365 1446 4412 6666·

127 4436 300 4488 6661666616.
323 4462 354 4474 -
382 4438 409 4487 8.
427 4439 608 4489 6666666661.
634 4463 670 4474 -
694 4439 860 4502 6666666611.
880 4461 914 4474 -
939 4439 983 4488 61.
1008 4433 1128 4498 Porcius]
1148 4448 1243 4486 nemen
1262 4436 1312 4486 boe
1330 4439 1371 4486 666
1388 4444 1444 4483 666-

128 4514 236 4568 ruptum
255 4514 282 4559 et
299 4507 407 4558 tortasse
426 4508 580 4559 delendum.
600 4530 632 4547 -
649 4509 692 4559 17.
712 4507 803 4573 661666]
823 4515 911 4559 nutem
928 4509 961 4559 Β.
981 4533 1013 4544 -
1040 4508 1083 4558 116.
1104 4506 1294 4557 7666616-
1320 4504 1364 4554 66.
1384 4503 1444 4554 Per·

126 4577 344 4639 6666666616.-
373 4579 417 4627 27.
437 4577 536 4642 Aetius]
562 4578 736 4630 1161616666.
763 4605 794 4616 -
825 4580 868 4630 ³2.
890 4581 1021 4629 suttonam
1039 4578 1196 4628 Scbdutnr:
1223 4576 1365 4626 6666666666
1382 4573 1442 4633 ΒΒ,

127 4648 312 4697 6666666611.
349 4647 445 4698 Tutum
464 4656 553 4699 nutem
572 4650 658 4699 iocum
678 4649 846 4702 disttnxtmns
864 4660 925 4699 cum
943 4647 1076 4710 11666166
1095 4646 1210 4697 36666616
1229 4651 1357 4698 rationem
1384 4656 1443 4705 prn-

130 4717 218 4768 bante.
238 4716 377 4780 (Emendd.
400 4717 556 4769 16066116.
576 4719 670 4781 661166.
690 4733 717 4782 6.
738 4719 812 4787 rat.)
832 4742 859 4754 -
880 4717 923 4769 66.
943 4714 1074 4782 proeium]
1092 4729 1208 4767 66666666
1225 4713 1257 4766 Β.
1279 4741 1308 4752 -
1328 4717 1370 4767 bt·
1389 4728 1444 4764 666·

128 4791 223 4837 tetum
245 4788 399 4839 sebutztur:
435 4790 665 4840 vernemetis.
695 4813 726 4826 -·
763 4789 807 4841 36.
836 4803 894 4840 eum
916 4789 1040 4837 16616666·
1058 4812 1069 4823 ·
1088 4786 1172 4837 616166
1196 4798 1250 4839 om.
1270 4787 1308 4844 Β,
1338 4783 1443 4836 66661.

128 4857 266 4908 Scribonio
285 4859 382 4907 iudices
403 4858 434 4905 u.
457 4884 485 4894 -
506 4860 549 4910 ³9.
570 4861 642 4922 pund
660 4872 713 4914 666.
733 4859 787 4910 ΒΒ.
810 4883 841 4898 -
858 4859 987 4911 cohortem
1004 4857 1035 4906 Β.
1081 4897 1084 4902 .

187 4964 288 5004 cierent
309 4966 325 5006 ι,
1073 4962 1113 5025 18
