3232 5392
564 235 700 304 111111.
743 234 776 302 C.
798 233 927 301 1616.
1352 231 1412 303 167

91 408 195 482 torem
218 396 311 472 illud,
343 397 430 481 quod
451 398 519 478 ipse
542 403 671 478 arguat,
701 391 741 459 ab
763 413 818 469 eo,
843 392 927 479 quod
949 391 1098 462 defensor
1119 401 1296 482 comparat,
1325 415 1414 483 sepa-

94 515 176 558 rare.
229 489 263 556 ld
295 499 400 555 autem
434 491 546 565 saciet,
585 489 612 554 si
644 485 871 554 demonstrabit
900 509 964 552 non
996 487 1040 553 ita
1071 486 1141 554 beri
1173 489 1276 555 solere
1311 505 1414 577 sieque

93 594 241 673 oportere
263 606 367 670 neque
390 605 459 649 esse
481 586 650 658 rationem,
683 601 781 664 quare
807 583 870 647 boc
896 589 1027 667 propter
1046 584 1109 647 hoc
1129 580 1198 658 fiat,
1231 590 1266 648 ut
1287 592 1416 670 propter

95 680 225 746 salutem
254 678 388 745 militum
416 700 470 754 ea,
509 700 590 763 quae
618 677 728 741 salutis
749 696 843 740 causa
864 684 1045 759 comparata
1067 685 1154 753 suut,
1187 679 1332 748 hostibus
1353 687 1416 743 tra·

93 774 217 840 dantur.
262 775 375 839 Postea
397 791 580 857 comparare
603 770 763 856 oportebit
783 790 854 833 cum
868 768 1022 835 beneficio
1037 770 1226 837 maleficium
1241 776 1439 839 etomninos

94 869 144 943 id,
179 865 265 954 quod
296 867 454 950 arguitur,
491 887 561 931 cum
591 886 647 937 eo,
685 861 772 948 quod
799 861 914 928 sactum
944 865 984 927 ab
1011 862 1177 931 detentore
1197 865 1343 932 denudatur
1363 874 1419 931 ant

94 959 271 1027 mcieedum
293 957 391 1025 fuisse
412 958 661 1032 demonstrauit,
699 957 891 1023 contendere
915 965 947 1022 et
967 960 1030 1022 hoc
1052 962 1251 1025 extenuando
1271 958 1417 1027 maleficii

95 1053 340 1139 magnitudinem
363 1051 456 1118 simul
478 1052 648 1135 adaugere.
693 1050 728 1117 ld
751 1050 820 1117 fieri
841 1053 974 1138 poterit,
1004 1050 1031 1116 si
1065 1051 1332 1120 demonstrabitur
1359 1056 1419 1120 bo-

95 1153 230 1224 nestius,
253 1150 379 1223 utilius,
410 1149 510 1231 magis
531 1145 742 1211 necessarium
765 1145 861 1210 tuisse
882 1145 931 1220 id,
961 1149 1048 1232 quod
1070 1147 1176 1218 vitarit
1196 1168 1291 1224 reus,
1323 1169 1419 1235 quam

95 1243 191 1320 illud,
225 1240 316 1327 guod
344 1240 469 1307 lecerit.
513 1244 566 1305 76.
599 1240 732 1311 Honesti
762 1248 867 1306 autem
896 1248 929 1305 et
958 1243 1042 1306 utilis
1071 1249 1103 1307 et
1127 1246 1298 1310 necessarii
1320 1247 1368 1310 vis
1388 1252 1420 1309 et
1429 1262 1457 1303 ιο

94 1346 208 1402 natura
229 1339 262 1401 in
283 1333 522 1404 deliberationis
544 1332 719 1417 praeceptis
741 1343 960 1419 cognoscetur.
1004 1337 1126 1401 Deinde
1149 1339 1308 1423 oportebit
1321 1338 1420 1425 ipsam

96 1430 182 1496 illam
210 1430 459 1514 comparativam
488 1425 710 1493 iudicationem
738 1447 897 1510 exponere
924 1435 1083 1515 umquam
1113 1451 1239 1496 causam
1267 1431 1422 1498 delibera-

96 1526 191 1591 tivam
222 1532 255 1588 et
283 1521 323 1588 dc
351 1541 388 1586 ea
418 1542 459 1586 ex
484 1519 719 1588 deliberationis
741 1520 919 1606 praeceptis
941 1520 1089 1609 deinceps
1110 1525 1225 1594 dicere.
1269 1529 1315 1592 sit
1334 1529 1421 1592 onim

95 1620 175 1685 baec
206 1615 374 1690 iudicatio,
407 1635 502 1699 quam
535 1624 607 1681 ante
638 1613 858 1702 exposuimus:
894 1617 974 1680 Cum
1006 1637 1116 1682 omnes
1145 1618 1278 1704 perituri
1307 1621 1422 1690 milites

97 1721 218 1784 essent,
249 1711 311 1779 niu
343 1714 383 1775 ad
411 1710 493 1774 hanc
520 1708 697 1794 pactionem
728 1710 905 1786 venissent,
941 1717 1048 1775 uuum
1076 1713 1174 1776 satius
1201 1711 1297 1778 luerit
1317 1715 1459 1799 perirem

96 1805 231 1880 milites,
266 1826 306 1870 an
337 1806 378 1869 ad
408 1802 489 1870 banc
520 1801 697 1888 pactionem
727 1804 860 1867 renuet
892 1805 963 1869 lloc
990 1824 1030 1869 ex
1064 1806 1145 1871 locis
1173 1803 1422 1886 deliberationis,

97 1898 187 1985 quasi
210 1897 346 1985 aliqum
368 1900 400 1963 in
422 1897 684 1966 consultationem
707 1915 758 1964 res
778 1896 901 1972 veniat,
934 1900 1063 1962 tractari
1092 1897 1262 1982 oportebit
1307 1903 1421 1969 XXVI.

96 1995 401 2067 benesonantem,
424 1989 538 2079 quibus
560 1989 593 2056 iu
613 1988 691 2057 locis
711 1987 753 2057 ob
774 2000 955 2059 remeatore
976 1992 1058 2058 aliae
1078 1995 1317 2060 constitutiones
1332 2002 1424 2060 erunt

96 2088 261 2162 indrrctae,
299 2088 332 2153 in
365 2086 404 2156 iis
433 2089 500 2172 ipae
530 2104 656 2170 quoquc
685 2106 731 2153 ex
755 2082 872 2152 iisdem
905 2088 1182 2154 constitutionibus
1203 2089 1425 2155 defensionem

97 2182 312 2268 comparabit,
346 2189 468 2247 ceteros
490 2188 595 2249 autem
617 2197 728 2247 omnes
748 2179 856 2256 locos,
888 2179 945 2266 qui
970 2182 1011 2245 ad
1032 2181 1133 2266 ipsam
1158 2183 1462 2268 comparationemse

98 2279 319 2364 pertinebunt,
343 2297 385 2340 ex
407 2272 564 2346 coronario
587 2272 744 2340 tractabit.
789 2276 842 2341 77.
865 2273 943 2340 Loci
964 2295 1146 2342 communes
1167 2277 1310 2354 inerunt,
1333 2298 1426 2345 accu-

99 2371 231 2447 satoris,
254 2371 287 2436 in
309 2390 400 2447 eom,
425 2370 496 2453 qui,
519 2389 591 2436 cum
614 2369 654 2433 de
675 2365 758 2435 lacto
780 2367 866 2452 turpi
885 2369 992 2455 aliquo
1015 2377 1070 2436 am
1090 2370 1194 2445 inutili
1215 2379 1270 2442 aut
1289 2381 1426 2457 utroque

99 2465 252 2540 fateatur,
287 2472 416 2550 quaerat
442 2471 548 2529 temen
573 2461 711 2548 aliquam
729 2459 971 2540 defensionem,
1004 2471 1038 2528 et
1057 2461 1132 2529 sacti
1153 2467 1350 2537 inutilitatem
1373 2473 1428 2531 aut

100 2560 325 2644 turpitudinem
349 2580 419 2627 cum
441 2558 656 2641 indignatione
677 2554 840 2641 prolerre;
864 2555 1057 2634 defensoris,
1079 2558 1202 2624 nullum
1223 2559 1339 2629 iactum
1356 2562 1428 2625 inu·

100 2655 154 2723 tte
177 2676 281 2739 neque
299 2661 394 2739 ‚turpe
416 2672 520 2738 neque
541 2652 617 2720 bem
638 2651 714 2718 utile
735 2645 847 2735 neque'
860 2654 1027 2717 honestum
1043 2654 1149 2734 putari
1164 2663 1330 2738 oportere,
1351 2653 1462 2729 nisius

101 2771 164 2837 quo
186 2748 310 2823 auimo,
343 2767 406 2832 quo
428 2754 589 2828 tempore,
622 2741 746 2829 quade
769 2765 862 2813 causa
890 2746 1005 2813 tadum
1034 2745 1094 2822 sit,
1126 2745 1335 2833 intelligebam
1373 2750 1427 2834 qui

99 2844 188 2911 locus
211 2845 255 2913 ita
273 2841 451 2910 communis
472 2847 536 2914 est,
559 2847 595 2908 ut
615 2841 697 2905 bene
720 2846 870 2907 tractatus
892 2843 924 2905 in
946 2838 1005 2906 bac
1025 2861 1138 2917 causa,
1162 2862 1277 2926 magno
1299 2844 1340 2912 od
1354 2863 1428 2924 per·

101 2939 297 3011 suadendam
319 2941 480 3002 momento
501 2934 625 3004 tuturus
647 2932 704 3011 sit;
736 2940 769 2997 et
790 2935 871 3003 alter
892 2931 998 3010 locus,
1025 2953 1085 3020 per
1105 2955 1200 3019 ᾳιιιιιιι
1222 2955 1334 3018 magua
1355 2953 1427 3001 com

101 3029 344 3119 amplificatione
374 3024 522 3099 beneficii
553 3025 736 3112 magnitudo
765 3047 805 3092 ex
834 3026 967 3096 utilitate
997 3036 1053 3093 aut
1081 3026 1246 3096 honestate
1271 3036 1326 3093 aut
1353 3025 1427 3093 lacti

101 3121 333 3195 necessitudine
356 3124 604 3198 demonstrabam
630 3121 683 3185 78.
708 3129 741 3185 et
761 3121 892 3196 tertius,
915 3142 1089 3206 perquem
1111 3143 1165 3189 res
1186 3143 1464 3207 expresseramus

101 3217 151 3288 bis
174 3227 245 3285 ante
266 3215 376 3288 oculos
398 3235 527 3291 eorum,
563 3216 617 3301 qui
639 3216 787 3290 audiunt,
820 3217 966 3298 ponitur,
997 3223 1032 3281 ut
1054 3215 1115 3300 ipsi
1135 3239 1171 3282 se
1194 3236 1321 3304 quoquc
1339 3214 1427 3282 idem

101 3312 240 3382 lecturos
262 3310 358 3379 titisse
376 3310 592 3388 arbitrentur,
628 3313 655 3376 si
684 3311 745 3376 sibi
772 3309 827 3379 illa
850 3333 901 3378 res
923 3319 1017 3398 atque
1037 3333 1076 3378 ea
1096 3311 1233 3380 faciendi
1254 3334 1348 3381 causa
1370 3333 1428 3399 per

101 3407 188 3476 idem
208 3416 333 3494 tempus
358 3404 534 3472 accidisset.

187 3499 307 3599 Relatio
330 3499 469 3572 criminis
490 3508 554 3576 cst,
579 3520 651 3565 curn
673 3519 745 3565 reus
764 3500 816 3575 id,
839 3497 926 3586 quod
941 3501 1099 3585 arguitur,
1122 3499 1428 3577 confessusalterins

103 3619 138 3663 se
159 3595 322 3669 inductum
343 3602 474 3678 peccato
495 3596 563 3659 iure
585 3592 698 3660 [eciem
721 3597 923 3662 demonstrat.
964 3599 1010 3660 Ea
1033 3604 1081 3667 est
1101 3595 1299 3665 huiusmodi:
1323 3599 1463 3667 Hora-es

103 3691 167 3759 tius
189 3692 301 3762 occisis
322 3691 421 3755 uibus
444 3688 590 3755 Curiatiis
612 3697 644 3752 et
665 3690 789 3756 duobus
810 3688 932 3755 amissis
951 3687 1102 3756 fratribus
1124 3693 1254 3761 domum
1275 3711 1310 3758 se
1325 3694 1428 3758 victor

103 3785 236 3867 recepit.
277 3786 308 3848 Is
330 3782 551 3850 animadvertit
571 3803 715 3849 sororem
744 3805 833 3852 suam
856 3786 895 3849 dc
916 3785 1049 3851 tratrem
1067 3794 1171 3853 morte
1190 3808 1259 3853 non
1279 3789 1428 3854 loboran-

105 3887 189 3956 tem;
226 3877 336 3962 sponsi
363 3886 468 3944 autem
495 3898 613 3946 nomen
638 3879 851 3962 appellantem
871 3879 1043 3945 identidem
1064 3880 1193 3953 Curiatii
1214 3902 1285 3948 oum
1308 3881 1427 3963 gemitu

104 3982 139 4039 et
159 3975 393 4039 lamentatione.
437 3973 568 4056 indigue
594 3991 705 4059 passus
729 3973 882 4056 uirginem
906 3974 1032 4037 occidit.
1073 3977 1255 4040 Accusatru.
1300 3976 1427 4039 79.1ιι·

104 4069 205 4133 tentio
228 4075 291 4133 est:
311 4066 431 4132 Iniuria
451 4086 593 4132 sororem
611 4064 769 4132 occidisti.
812 4064 964 4148 Depulsio
987 4074 1049 4130 est:
1073 4069 1146 4133 lure
1167 4065 1278 4133 occidi.
1323 4067 1463 4142 Quae-eo

105 4160 168 4228 stio
182 4167 245 4228 est:
268 4163 382 4228 lurene
396 4160 568 4227 occiderit?
590 4159 680 4228 Ratio
696 4168 759 4226 est:
783 4159 840 4224 llla
866 4161 950 4224 enim
975 4162 1114 4228 bostium
1138 4172 1272 4231 mortem
1286 4162 1424 4244 lugebat,

177 4390 203 4442 l·
222 4394 356 4452 comparet
373 4387 416 4450 t,
436 4387 530 4445 lamb
550 4413 584 4425 -
611 4388 638 4440 6.
658 4387 811 4440 tondebitur
828 4387 877 4440 tlt
894 4395 921 4442 ct
939 4401 1006 4441 corr.
1025 4390 1058 4441 Ρ.
1078 4414 1108 4428 -
1134 4390 1161 4440 7.
1179 4389 1375 4441 &nommetur
1390 4386 1425 4450 R,

107 4459 507 4525 pr.1>,senet.v0n.1.1t.
528 4458 691 4513 tetanus
719 4459 945 4511 tenementum
973 4461 994 4511 ll
1022 4473 1082 4512 cum
1107 4460 1175 4512 Aet
1193 4473 1260 4512 corr.
1279 4461 1310 4512 P.
1336 4484 1368 4497 -
1396 4459 1425 4509 6.

107 4529 146 4596 td]
165 4531 233 4583 titud
250 4530 295 4581 ΡΑ
313 4538 340 4582 et
354 4531 497 4594 ptertque,
517 4543 570 4582 om.
589 4530 622 4579 n.
641 4528 687 4593 (Ut
704 4541 768 4588 nos,
787 4529 864 4581 Lctd.
883 4529 932 4588 lt.)
954 4556 981 4568 -
1002 4531 1046 4582 tt.
1068 4535 1171 4592 oportet
1188 4529 1221 4587 tl.
1243 4553 1274 4567 -
1298 4531 1342 4581 21.
1363 4530 1428 4588 tect

108 4607 198 4654 omem
215 4615 363 4659 commum
381 4602 437 4652 vlt.
468 4625 499 4647 .-
530 4601 636 4653 inerunt
650 4598 717 4661 ΡΑ,
746 4599 824 4655 Letd.
844 4601 866 4651 1.
895 4601 972 4653 Voss.
990 4602 1027 4651 11.
1051 4602 1167 4664 stttpue:
1197 4607 1276 4659 erunt
1295 4601 1374 4657 vnn.
1392 4624 1427 4637 -

25 4726 32 4740 ,
107 4673 371 4735 taetrumque,
401 4669 579 4729 eot.c1o.,
607 4670 633 4723 td
654 4670 725 4733 guod
744 4677 832 4727 ortum
850 4671 956 4723 rtdetur
973 4686 1004 4723 er
1021 4679 1192 4735 comumque
1210 4671 1239 4720 Ρ,
1271 4696 1303 4708 -
1333 4672 1377 4723 13.
1403 4675 1429 4721 st

109 4757 162 4796 om.
182 4743 223 4804 Δ,
243 4742 336 4795 Lsmb.
354 4767 390 4783 ·-
414 4741 623 4806 semenare
640 4748 678 4792 est
697 4740 775 4793 PAR.
804 4741 851 4802 (Ut
867 4755 935 4802 nos,
964 4739 1178 4805 661111-
1206 4741 1250 4792 11.
1277 4738 1318 4805 so]
1339 4741 1429 4794 som

108 4813 202 4867 hub.
221 4827 252 4866 cr
271 4815 361 4872 cont,
380 4819 411 4864 ut
426 4811 543 4865 rtdetur.
564 4834 593 4847 -
614 4809 658 4862 66.
679 4810 806 4863 carimde
824 4813 846 4865 B
863 4813 1006 4872 Ltndeun,
1024 4810 1134 4867 tamo.:
1163 4812 1280 4866 commo
1296 4812 1358 4876 Pl,
1378 4811 1428 4867 Cu·

110 4884 224 4938 rtetttee
240 4883 297 4937 uu.
320 4909 350 4922 -
370 4883 415 4938 38.
435 4880 540 4937 uermes
556 4879 579 4934 l
597 4887 624 4935 et
641 4893 682 4946 pr.
700 4881 738 4934 t’s
753 4882 876 4939 citone
892 4883 914 4939 a
933 4894 992 4941 con
1010 4883 1034 4936 ll
1051 4889 1079 4937 et
1096 4894 1164 4940 sorr·
1182 4883 1213 4939 1.
