3232 5392
579 223 656 289 nin.
680 223 706 289 l.
752 220 788 289 G.
812 223 866 288 26.
889 222 942 289 25.
965 222 1019 289 26.
1401 222 1461 290 10⁵

135 389 175 454 sii
196 406 236 453 an
258 382 356 462 liber;
385 383 576 472 pecuniosus
598 405 638 448 nn
660 384 782 456 tenuis,
811 384 953 466 privatus
975 403 1016 448 an
1038 400 1110 448 cum
1130 387 1304 469 potestate:
1339 383 1365 447 si
1388 404 1460 449 cum

134 490 305 568 potestate,
328 481 396 545 iure
419 500 457 543 an
480 477 615 555 iniuria,
640 479 732 552 felix,
756 480 857 541 clarus
872 498 911 542 an
927 486 1053 556 centnm
1077 476 1187 562 quales
1200 475 1322 543 liberos
1336 475 1459 544 babeat.

133 582 179 642 dc
200 578 227 640 si
251 578 291 640 de
312 593 377 639 non
398 575 471 639 vivo
493 581 678 657 quaeretur,
714 573 808 636 etiam
831 571 916 657 quali
937 581 1037 638 morie
1058 571 1100 637 sit
1121 570 1267 648 allectus,
1303 574 1364 637 erit
1385 593 1460 638 con·

134 671 347 738 siderandum.
392 672 445 733 36.
477 668 626 732 Habitum
658 676 765 733 autem
794 668 987 753 appellamus
1015 668 1112 731 animi
1139 675 1193 731 aut
1220 668 1363 753 corporis
1385 687 1461 731 con·

133 776 267 832 stantem
301 773 333 829 et
363 762 539 828 absolutam
568 762 673 849 aliqua
700 764 733 827 iu
765 785 800 827 re
832 760 1072 845 perlectionem
1108 771 1144 825 ut
1161 761 1287 826 virtutis
1310 768 1363 825 aut
1384 763 1482 826 artium

133 863 266 928 alicuius
286 858 522 944 perceptionem
542 867 598 922 aut
627 860 769 945 quamvis
798 858 959 922 seleutiam
992 865 1025 920 et
1055 857 1129 921 item
1158 859 1302 944 corporis
1323 855 1460 943 aliquam

133 956 387 1023 commoditatem
415 972 480 1017 uon
502 961 614 1017 natura
643 958 766 1027 datam,
798 954 854 1016 sed
876 953 981 1016 studio
1003 961 1034 1017 et
1055 951 1208 1016 industria
1229 961 1363 1039 partam.
1407 949 1461 1016 si-

132 1052 229 1117 leetio
257 1057 306 1112 est
333 1048 429 1112 animi
460 1054 515 1112 aut
535 1048 678 1131 e'orporis
700 1069 739 1112 ex
762 1055 904 1130 tempore
928 1045 1032 1131 eliqua
1054 1049 1093 1112 de
1116 1068 1211 1112 causa
1243 1048 1457 1122 commutatio,

133 1155 168 1209 ut
189 1145 328 1218 laetitia,
364 1142 534 1229 cupiditas,
559 1151 682 1219 metus,
708 1143 873 1216 molestia,
899 1143 1046 1216 morbus,
1071 1140 1214 1206 debilitas
1229 1151 1261 1207 et
1275 1145 1354 1218 ulia,
1378 1163 1459 1228 quae

133 1258 249 1324 genere
281 1239 314 1302 in
347 1240 459 1301 eodem
493 1239 703 1322 reperiuntur.
762 1237 906 1300 Studium
939 1243 988 1298 est
1015 1243 1121 1299 autem
1149 1238 1245 1300 animi
1276 1239 1401 1303 assidua
1427 1244 1496 1301 eto

132 1337 301 1398 vehemens
323 1334 362 1397 ad
384 1331 519 1418 aliquam
543 1352 611 1396 rem
632 1334 788 1417 applicata
810 1351 922 1413 magna
944 1349 1015 1394 cum
1037 1333 1197 1395 voluntate
1220 1335 1400 1417 occupatio,
1422 1339 1458 1395 ut

132 1427 374 1514 philosophiae,
409 1428 572 1512 poeticae,
605 1429 814 1510 geometriae,
840 1426 1026 1489 litterarum.
1072 1424 1247 1490 Consilium
1270 1435 1317 1491 est
1338 1423 1459 1512 aliquid

132 1520 268 1587 faciendi
298 1541 362 1584 non
393 1518 569 1586 faciendive
592 1524 767 1605 excogitata
789 1522 881 1585 ratio.
927 1521 1021 1582 Facta
1041 1527 1145 1583 autem
1169 1528 1202 1583 et
1223 1540 1312 1584 casus
1334 1528 1367 1585 et
1387 1540 1459 1585 ora·

132 1617 236 1682 tiones
258 1613 358 1679 tribus
380 1635 421 1679 eu
443 1617 640 1698 temporibus
664 1617 962 1680 considerabuntur:
993 1615 1069 1698 quid
1090 1615 1199 1677 iecerit
1226 1622 1280 1678 aut
1300 1617 1375 1699 quid
1397 1612 1458 1703 ipsi

132 1710 281 1775 acciderit
302 1716 355 1772 aut
377 1708 453 1793 quid
475 1711 609 1784 dixerit;
633 1718 688 1773 aut
708 1709 784 1797 quid
799 1709 911 1784 iaciat,
935 1709 1009 1792 quid
1026 1709 1085 1793 ipsi
1101 1707 1240 1782 aecidat,
1263 1711 1340 1794 quid
1355 1711 1495 1786 dicatese

132 1814 186 1870 aut
207 1806 282 1890 quid
305 1801 443 1868 facturus
465 1805 519 1876 sit.
557 1805 632 1889 quid
666 1804 725 1889 ipsi
758 1823 904 1868 casurum
927 1803 988 1876 sit,
1025 1821 1088 1886 qua
1110 1803 1151 1865 sit
1171 1823 1286 1866 usurus
1301 1805 1456 1869 oratione.

132 1902 176 1962 Ae
196 1900 341 1986 personis
362 1895 489 1984 quidem
514 1896 590 1962 haec
612 1901 757 1963 videntur
778 1920 847 1964 esse
869 1899 1028 1963 attributa.

215 1994 330 2058 xxii.
362 1995 414 2056 37.
446 1994 586 2075 Negotiis
607 2001 712 2058 autem
734 2013 815 2078 quae
837 2000 908 2057 sunt
929 1994 1099 2064 attributa,
1133 1993 1244 2077 partim
1267 1999 1340 2057 suut
1360 1993 1460 2055 couti-

132 2088 237 2152 nentia
269 2105 340 2150 cum
373 2087 443 2171 ipso
475 2088 626 2169 negotio,
661 2090 774 2170 partim
806 2089 838 2150 in
873 2087 1015 2171 gestione
1048 2087 1166 2171 negotii
1200 2089 1457 2163 considemntur,

131 2184 244 2268 partim
273 2183 419 2245 adiuncta
447 2183 575 2265 negotio
603 2190 689 2255 sunt,
726 2184 840 2267 partim
870 2190 991 2266 gestum
1019 2182 1181 2267 negotium
1210 2191 1496 2267 consequentum·

133 2277 332 2342 Continentia
354 2295 425 2339 cum
446 2277 518 2358 ipse
539 2275 667 2359 negotio
689 2284 761 2341 sunt
783 2298 839 2351 ea,
862 2298 942 2361 quae
964 2297 1089 2361 semper
1110 2276 1204 2342 ailina
1226 2300 1295 2343 esse
1311 2279 1458 2344 videntur

132 2372 260 2434 adrem
283 2390 387 2454 neque
409 2371 450 2433 ab
473 2390 511 2434 ea
533 2378 664 2455 possunt
686 2374 838 2454 separari.
882 2375 931 2436 Ex
961 2373 1010 2435 bis
1038 2371 1141 2458 prime
1169 2378 1217 2437 est
1244 2370 1350 2438 brevis
1371 2391 1458 2435 com·

131 2465 238 2551 plcuio
259 2465 355 2530 totius
377 2466 517 2548 negotii,
542 2484 621 2550 quae
643 2485 796 2529 summam
818 2469 956 2531 continet
977 2465 1068 2541 iacti,
1093 2470 1153 2532 hoc
1176 2464 1289 2533 modo:
1315 2464 1457 2531 Parentis

131 2557 267 2633 occisio,
303 2559 422 2642 patriae
443 2556 605 2644 proditio;
643 2562 755 2624 deinde
787 2580 878 2625 causa
908 2563 976 2625 eius
1004 2582 1162 2636 summae,
1198 2581 1389 2646 perquam,
1425 2567 1457 2625 et

131 2649 337 2738 quamobrem
359 2660 392 2716 et
405 2654 494 2716 cuius
516 2652 564 2717 rei
586 2674 681 2717 eausa
700 2656 815 2720 iactum
831 2657 889 2730 sit,
914 2655 1094 2740 quaeritur;
1119 2653 1231 2721 deiude
1247 2662 1320 2719 ante
1336 2663 1493 2739 gestamss

130 2767 197 2812 rem
220 2767 302 2831 quae
323 2745 505 2823 saeta⁰sint,
530 2747 727 2814 continenter
748 2771 847 2837 usque
869 2747 1031 2834 adipsum
1055 2752 1239 2834 negotium3
1263 2751 1398 2824 deinde,
1422 2751 1455 2815 in

129 2844 199 2928 ipso
222 2844 362 2924 gerendo
384 2844 511 2926 negotio
534 2845 611 2927 quid
633 2853 737 2908 actum
759 2846 820 2922 sit3
844 2846 980 2918 deinde,
1003 2846 1078 2931 quid
1101 2853 1209 2926 postea
1232 2845 1347 2909 iactum
1370 2846 1420 2909 sit.

213 2936 266 2999 38.
290 2938 325 2998 lu
348 2938 489 3020 gestione
513 2945 619 3002 autem
641 2940 777 3021 negotii,
802 2939 856 3024 qui
879 2939 966 3002 locus
982 2936 1138 3002 secundus
1153 2947 1220 3003 erat
1235 2940 1275 3003 de
1288 2937 1348 3015 iis,
1373 2959 1454 3025 quae

130 3031 264 3113 negotiis
278 3032 425 3093 attributa
447 3038 537 3106 sunt,
562 3034 723 3115 quaeritur
738 3035 846 3108 locus,
869 3040 1009 3119 tempus,
1033 3035 1179 3108 occasio,
1205 3035 1334 3111 modus,
1356 3035 1456 3097 lacul-

129 3133 220 3188 tates.
265 3126 369 3189 Locus
391 3124 627 3202 consideratur,
651 3125 684 3190 iu
699 3147 763 3213 quo
778 3147 828 3191 res
844 3135 931 3210 gesta
945 3126 1000 3201 sit,
1024 3149 1063 3191 ex
1080 3129 1336 3213 opportunitate,
1361 3138 1492 3211 quamit

129 3217 273 3283 videatur
294 3217 443 3283 babuisse
465 3216 504 3283 ad
526 3222 689 3304 negotium
712 3224 1003 3286 administrandum.
1045 3225 1090 3286 Ea
1111 3231 1215 3287 autem
1239 3223 1455 3306 opportunitas

130 3314 290 3399 quaeritur
311 3335 351 3377 ex
372 3313 602 3398 magnitudine,
626 3314 808 3391 intervallo,
833 3318 1080 3403 longinquitate,
1104 3317 1350 3402 propinquitate,
1381 3314 1456 3379 soli-

130 3409 255 3482 tudine,
291 3409 489 3482 celebritate,
522 3417 633 3472 uatura
657 3411 756 3491 ipsius
779 3412 841 3474 loci
864 3419 893 3474 el
915 3411 1074 3476 vicinitate
1096 3412 1191 3475 totius
1220 3408 1379 3493 regionis3
1414 3431 1454 3473 ex

128 3501 176 3565 his
199 3503 292 3566 eiiam
313 3500 584 3568 attributionibns:
607 3524 697 3567 sacer
719 3524 758 3567 au
780 3506 948 3590 profanus,
972 3505 1118 3591 publicus
1139 3525 1178 3568 an
1195 3506 1355 3587 privatus,
1380 3503 1455 3568 alie-

128 3616 187 3659 nus
217 3616 257 3660 an
284 3595 399 3680 ipsius,
435 3599 474 3662 de
503 3618 566 3683 quo
595 3597 721 3682 agitur,
755 3598 843 3665 locus
871 3602 911 3663 sit
940 3610 994 3665 aut
1021 3598 1127 3664 luerit.
1172 3603 1223 3664 39.
1246 3603 1383 3684 Tempus
1406 3606 1491 3664 estas

129 3690 305 3764 autemid,
340 3710 404 3776 quo
426 3712 509 3756 nune
539 3691 674 3769 utimur,
710 3695 792 3776 (nam
823 3693 925 3780 ipsum
959 3697 1085 3780 quidem
1108 3693 1298 3778 generaliter
1320 3695 1453 3759 definire

129 3779 255 3846 difficile
277 3787 358 3860 est‚)
389 3804 461 3870 pars
484 3789 640 3872 quaedem
662 3788 876 3864 aeternitatis,
901 3809 972 3853 cum
994 3788 1124 3855 alieuius
1147 3792 1261 3867 annui,
1286 3790 1450 3863 menstrui,

196 3924 224 3973 6.
244 3933 331 3977 notem
348 3928 416 3979 bunc
432 3930 597 3990 eppeiiomoe
615 3929 699 3990 Par,
719 3938 807 3981 aetem
824 3931 865 3981 bic
884 3932 1048 3995 appellemus
1065 3933 1097 3982 lt.
1117 3933 1151 3983 Ut
1170 3945 1237 3992 nos,
1255 3933 1288 3983 V.
1320 3958 1348 3970 -
1381 3933 1406 3981 b.
1427 3939 1452 3984 tt

127 4007 179 4044 esu
195 3994 346 4047 absolutam
363 3998 426 4049 Seu.
447 4002 523 4062 quasi
543 4014 574 4052 ex
587 4000 618 4050 V.
639 4000 692 4052 Sed
712 4001 754 4051 bie
773 4007 798 4051 in
819 4002 940 4054 lemmate
954 4002 1034 4053 babet
1047 4011 1077 4052 ut
1089 4016 1155 4059 nos:
1176 4007 1202 4053 in
1217 4006 1450 4065 interpretatione:

127 4064 243 4116 Habitus
261 4075 298 4118 est
315 4093 327 4104 ·
344 4092 356 4104 ·
372 4084 430 4119 eru
448 4071 622 4121 corroborato
647 4077 672 4120 et
692 4071 772 4134 pleno
793 4074 930 4137 perfectio.
960 4099 991 4110 -
1017 4071 1058 4138 ot]
1077 4079 1125 4124 not
1143 4074 1220 4124 ΡΑΤ.
1252 4074 1287 4124 Ut
1309 4087 1372 4134 nos,
1395 4073 1450 4125 vii.

128 4134 169 4196 (ot
186 4137 312 4189 virtutem
331 4137 397 4190 Cod.
415 4139 495 4190 Basil.
517 4141 645 4192 Victorini
664 4149 691 4192 et
709 4143 783 4197 seb.)
810 4168 843 4179 ·-
873 4143 898 4193 6.
919 4143 1032 4194 cuculus
1046 4146 1238 4209 perceptionem
1256 4144 1364 4196 vebs:
1393 4158 1452 4207 per·

127 4209 270 4271 ceptionem
288 4210 398 4260 otientur
414 4211 470 4261 sii.
492 4237 521 4249 -
541 4212 569 4262 7.
589 4217 614 4262 et
631 4209 767 4263 industrie
785 4212 895 4263 Pdll'l':
922 4214 1106 4279 industrieque
1126 4216 1156 4264 ii.
1181 4240 1214 4250 -
1245 4217 1289 4266 io.
1318 4216 1347 4264 tn
1365 4216 1452 4264 eodem

127 4290 219 4342 pesam
235 4277 267 4328 Ρ.
287 4279 350 4344 (uon
368 4277 460 4344 vsi.)
480 4306 510 4317 -
529 4285 694 4346 reperientur
712 4283 768 4333 ΔΤ.
789 4282 852 4346 (non
872 4282 940 4345 vii.)
961 4311 989 4321 -
1012 4292 1048 4336 eet
1066 4291 1154 4336 cotem
1172 4285 1283 4336 Pius:
1311 4291 1397 4336 cotem
1414 4290 1452 4334 esi

126 4347 165 4409 V,
186 4349 224 4408 L,
244 4354 282 4398 est
308 4347 372 4414 (om.
391 4353 491 4410 nutem)
510 4353 542 4402 li.
569 4379 601 4388 -
633 4353 677 4404 13.
705 4350 822 4417 faciendi
843 4367 897 4405 non
920 4357 1064 4420 [odendine
1091 4359 1240 4422 excogitate
1260 4369 1320 4407 cum
1339 4356 1394 4405 Cic.
1416 4355 1449 4408 de

126 4417 184 4471 lor.
203 4419 230 4477 2,
251 4419 277 4469 3.
314 4421 428 4472 lisuino
453 4421 533 4474 libet.
558 4436 584 4485 p.
611 4424 673 4475 ³70.
709 4426 827 4477 Auctore
856 4426 976 4486 lineecpt.
1005 4427 1038 4479 de
1064 4428 1139 4478 libet.
1162 4441 1187 4488 p.
1206 4426 1269 4477 aio.
1289 4426 1449 4478 Scbtitzins:

127 4488 240 4551 [sciendi
259 4497 309 4541 not
324 4505 380 4541 nco
396 4490 510 4555 sedendi
526 4507 586 4544 cece
607 4492 684 4556 (vcro
702 4494 747 4557 V.)
775 4498 925 4560 exceptioto
943 4496 1028 4556 ΛΒΤ,
1055 4499 1116 4548 item
1135 4496 1155 4546 P
1174 4496 1229 4560 (sed
1249 4510 1274 4547 r.
1293 4510 1355 4546 cere
1372 4509 1451 4558 cupre

126 4557 242 4624 versum)
278 4568 305 4611 et
323 4562 343 4612 ii
363 4562 419 4626 (sed
438 4566 540 4614 secluso
559 4579 584 4615 r.
603 4565 684 4627 cere).
713 4589 747 4600 -
777 4568 820 4617 15.
841 4566 938 4615 dicerit
957 4573 982 4617 et
1000 4566 1063 4629 qnid
1081 4567 1159 4616 ΡΑΤ.
1180 4591 1209 4602 -
1236 4567 1279 4616 ld.
1298 4570 1401 4618 ratione
1418 4567 1450 4629 Ρ,

127 4631 219 4681 bamb.
243 4656 271 4666 -
291 4632 335 4683 25.
355 4640 498 4699 quaeretur
514 4634 571 4685 ΛΤ.
594 4661 622 4672 -
643 4641 742 4698 pestem
759 4650 814 4687 rem
832 4636 940 4687 Plus:
960 4650 1015 4687 rem
1032 4645 1132 4702 gecione
1150 4637 1180 4686 ii.
1201 4663 1232 4674 -
1257 4636 1301 4688 26.
1321 4640 1373 4686 sint
1393 4636 1449 4698 aa,

126 4701 164 4751 L:
183 4706 245 4750 soni
263 4701 344 4752 Pltli.
366 4729 395 4741 -
415 4706 459 4756 29.
479 4712 623 4767 quaeretur
640 4705 717 4756 Pau.
739 4731 768 4741 -
790 4708 833 4759 ³5.
855 4715 955 4770 ternpus
973 4713 1011 4757 est
1030 4714 1115 4757 cutem
1135 4706 1269 4761 vstitu:
1296 4712 1395 4769 tempos
1413 4713 1452 4761 att

127 4780 188 4824 torn.
208 4774 307 4836 notem)
325 4773 357 4823 ii.
379 4800 408 4810 -
438 4775 813 4837 3¹1.menearrntll,0mnn.
834 4778 886 4828 duo
906 4785 932 4828 et
950 4789 1017 4828 corr.
1037 4773 1077 4836 Pi
1098 4781 1159 4828 item
1178 4777 1305 4829 Priscian.
1326 4780 1357 4829 T.
1378 4781 1401 4828 i.
1420 4791 1449 4842 p.

126 4844 201 4964 dmi
212 4842 303 4967 Ilceipi
329 4848 483 4911 recepitque
506 4846 569 4898 seb.
601 4845 657 4911 (tici
684 4855 747 4898 cunt
767 4849 817 4899 bae
834 4847 915 4899 torma
936 4848 1082 4914 cyprianus
1102 4849 1151 4913 iip·
1171 4848 1215 4903 oi.
1235 4861 1267 4903 ue
1284 4848 1450 4905 Neratium

146 4927 160 4967 e
203 4916 252 4966 riu.
296 4916 362 4975 Α.)
