3232 5392
169 222 255 290 tsi·
692 215 746 283 DE
768 215 956 287 onironn

165 385 264 475 possit
289 380 392 449 oratio
422 378 462 446 ad
493 397 602 445 sensns
630 376 804 445 animorum
835 387 927 467 atque
955 389 1059 449 motus
1089 383 1141 452 vel
1168 385 1408 460 inflammandos
1436 390 1487 461 rel

166 479 260 548 etiam
288 471 531 562 exstinguendos
560 471 657 560 (qnod
679 494 775 539 unum
797 476 830 538 in
852 483 977 541 oratore
998 476 1188 560 dominatur)
1219 483 1286 549 sine
1316 485 1489 571 diligentis-

166 574 244 642 sima
264 571 527 660 pervestigatione
548 587 656 633 earum
678 567 818 634 omnium
840 567 1014 648 rationum,
1048 593 1129 659 quae
1156 578 1196 640 de
1217 579 1338 645 naturis
1358 584 1487 650 humani

167 665 292 755 generis
313 660 513 730 nemoribus
533 681 552 727 a
572 659 767 747 pbilosophis
788 661 992 748 explicantur.
1029 668 1090 732 61.
1114 671 1217 757 Atque
1237 671 1322 738 band
1336 676 1422 753 scio,
1446 697 1486 743 en

144 761 269 861 3minus
289 760 352 824 hoc
372 754 462 822 vobis
484 755 542 820 sim
563 752 768 841 probaturum
805 754 953 842 equidem
972 780 1036 825 non
1059 761 1230 842 dubitabo,
1259 769 1345 851 qnod
1366 770 1484 848 sentio,

167 855 285 923 dicere:
318 852 446 941 physico
473 846 531 912 ista
551 848 621 931 ipsa
642 855 674 912 et
695 851 910 914 mathematica
933 859 965 916 et
987 872 1066 939 quse
1088 856 1193 943 paullo
1214 865 1287 924 ante
1308 869 1486 931 ceterarum

166 954 279 1018 artium
300 943 430 1033 propria
450 939 595 1029 posuisti,
618 943 765 1007 scientiae
786 952 859 1008 snut
880 965 1008 1023 eornm,
1031 951 1084 1034 qni
1106 949 1160 1016 illa
1180 950 1383 1038 prolitentnr;
1417 959 1487 1025 illu·

167 1054 265 1112 strare
286 1050 389 1108 autem
412 1037 554 1105 oratione
576 1037 603 1099 si
624 1037 693 1122 quis
714 1035 789 1102 istas
809 1036 893 1123 ipsas
914 1048 997 1107 artes
1017 1043 1106 1119 velit,
1139 1049 1180 1111 ad
1201 1049 1338 1115 oratoris
1359 1053 1390 1116 ei
1412 1073 1487 1119 con-

165 1139 348 1224 fugiendum
370 1141 418 1200 est
436 1132 625 1197 facultatem.
669 1133 721 1195 66.
754 1134 863 1214 Neque
891 1138 991 1211 enim,
1029 1136 1056 1201 si
1085 1139 1246 1208 Philonem
1271 1141 1361 1209 illum
1383 1147 1486 1213 archi-

129 1240 296 1330 ¹⁰tectum,
331 1230 385 1317 qui
405 1222 645 1293 Atheniensibus
666 1227 939 1294 armamentarium
968 1227 1055 1303 lecit,
1091 1242 1212 1300 constat
1232 1237 1408 1322 perdiserte
1429 1261 1487 1328 po-

167 1324 241 1410 pulo
262 1322 417 1390 rationem
439 1317 545 1406 operis
566 1317 616 1383 sni
636 1317 826 1396 reddidisse,
850 1321 1091 1390 existimandum
1113 1335 1174 1404 est,
1197 1332 1360 1398 architecti
1381 1337 1485 1420 potins

166 1416 299 1484 artificio
331 1415 480 1483 disertum
510 1433 604 1497 66666
633 1412 766 1478 oratoris
793 1413 901 1479 luisse.
946 1420 1026 1493 Nec,
1059 1423 1086 1485 si
1114 1421 1188 1488 hnic
1208 1426 1251 1488 bl.
1268 1429 1404 1492 Antonio
1427 1449 1485 1516 pro

165 1512 365 1579 Hermodoro
386 1509 495 1575 luisset
516 1504 555 1571 de
576 1504 731 1573 navalium
753 1527 849 1592 opere
871 1505 1054 1587 dicendum,
1077 1536 1157 1592 non,
1182 1538 1252 1583 cum
1274 1522 1314 1583 ab
1336 1519 1391 1586 illo
1413 1544 1487 1587 cen·

166 1631 232 1676 sam
259 1605 433 1680 didicisset,
466 1602 534 1689 ipse
556 1608 664 1666 ornate
687 1603 726 1666 de
749 1600 851 1668 alieno
873 1602 1005 1670 artificio
1027 1608 1217 1698 copioseque
1240 1611 1380 1680 dixisset
1423 1620 1486 1682 Ne·

126 1759 156 1800 ,ὅ
166 1724 228 1792 666
258 1721 336 1767 nero
364 1695 583 1782 Asclepiades,
618 1699 645 1763 is
675 1716 738 1781 qno
764 1717 822 1762 nos
849 1696 972 1764 medico
994 1700 1159 1791 amicoque
1178 1708 1228 1771 nsi
1249 1727 1373 1784 snmus,
1411 1731 1484 1776 cnm

165 1795 344 1883 eloquentia
363 1790 512 1859 vincebat
531 1799 653 1858 ceteros
673 1790 827 1866 medicos,
863 1793 895 1854 in
918 1811 957 1857 so
979 1795 1067 1878 ipso,
1106 1797 1191 1882 qnod
1212 1809 1321 1866 ornate
1343 1800 1484 1881 dicebat,

165 1890 337 1958 medicinae
357 1887 502 1954 facultate
523 1891 682 1960 utebatur,
708 1904 771 1950 non
793 1883 1001 1971 eloquentiae.
1046 1892 1097 1954 63.
1121 1893 1222 1980 Atque
1243 1893 1320 1961 illud
1342 1906 1390 1962 est
1411 1921 1486 1982 pro-

164 1985 313 2059 babilius,
346 2004 449 2070 neque
470 1991 571 2047 tamen
594 2001 719 2053 verum,
751 1981 835 2066 qnod
858 1981 1002 2045 Socrates
1023 1980 1131 2048 dicere
1151 1984 1288 2061 solebat,
1320 2009 1431 2057 omnes
1453 1993 1485 2059 in
1567 2018 1570 2025 ·

165 2105 221 2158 eo,
244 2079 328 2166 qnod
350 2081 481 2150 scirent,
503 2075 577 2142 satis
599 2095 668 2141 esse
689 2073 887 2160 eloquentem
924 2073 1001 2139 illud
1022 2077 1145 2154 verius,
1167 2101 1272 2168 ncqne
1293 2105 1485 2171 quemquam

127 2235 156 2277 ,ο
165 2179 198 2244 in
220 2196 258 2241 eo
281 2175 431 2240 disertum
454 2193 522 2237 esse
544 2191 654 2255 posse,
690 2167 775 2255 quod
796 2171 929 2244 nesciat,
959 2189 1079 2256 neque,
1110 2172 1135 2237 si
1159 2175 1276 2261 optime
1298 2179 1376 2244 sciat
1396 2180 1484 2267 igna-

164 2290 281 2355 rusque
303 2272 343 2334 sit
362 2266 525 2333 faciundae
548 2287 584 2331 ac
606 2263 771 2349 poliendae
792 2264 959 2339 orationis,
998 2263 1114 2330 diserte
1134 2265 1167 2332 id
1196 2269 1316 2356 ipsum,
1352 2276 1392 2338 de
1420 2297 1483 2360 qno

165 2367 255 2439 sciat,
277 2383 369 2449 posse
384 2365 500 2427 dicere.
543 2362 613 2425 XV.
628 2359 681 2424 66.
706 2360 933 2436 Quamobrem,
955 2359 981 2422 si
996 2358 1066 2442 quis
1080 2363 1258 2428 universam
1274 2374 1305 2430 et
1320 2369 1482 2453 propriam

165 2459 300 2526 oratoris
321 2455 384 2520 vim
407 2453 537 2522 delinire
558 2451 787 2539 complectique
808 2449 890 2524 vnit,
912 2449 940 2515 is
962 2459 1068 2517 orator
1089 2456 1149 2520 erit
1170 2478 1241 2523 men
1255 2462 1407 2527 sententia
1422 2467 1483 2530 boc

164 2562 227 2618 tam
243 2552 328 2634 gravi
344 2549 455 2636 dignos
472 2547 616 2624 nomine,
640 2548 706 2633 qui,
728 2563 930 2631 quaecunque
943 2565 996 2611 res
1010 2545 1171 2625 inciderit,
1196 2573 1278 2637 qnae
1293 2558 1333 2618 sit
1347 2555 1483 2623 dictione

142 2644 366 2747 ⁵explicanda,
403 2641 576 2727 prudenter
603 2648 633 2705 et
660 2638 834 2725 composite
862 2647 893 2702 et
918 2644 1027 2705 ornate
1048 2649 1080 2705 et
1100 2648 1284 2712 memoriter
1305 2648 1388 2714 dicet
1411 2670 1482 2715 cnm

126 2708 298 2826 'quadam
319 2736 450 2802 actionis
472 2735 566 2800 etiam
587 2732 745 2818 dignitate.
790 2735 842 2797 65.
875 2733 930 2797 Sin
951 2732 1085 2818 cuipiam
1108 2736 1199 2803 nimis
1221 2737 1374 2806 inlinitum
1396 2745 1484 2809 vide·

162 2843 233 2911 tur,
257 2831 341 2920 quod
362 2835 405 2895 ita
426 2829 597 2916 proposui,
622 2845 857 2914 quacunque
879 2823 926 2890 de
948 2848 1005 2903 re,
1037 2827 1112 2894 licet
1131 2833 1223 2908 hinc,
1247 2845 1395 2921 quamum
1418 2838 1483 2903 cni·

163 2950 224 3014 qne
246 2925 420 3002 videbitur,
445 2920 646 2988 circumcidat
666 2928 759 3005 atque
780 2928 934 3006 amputet,
957 2928 1060 2987 tamen
1081 2923 1158 2989 illud
1181 2931 1310 3003 tenebo,
1333 2929 1376 3005 si,
1401 2951 1482 3017 qnae

163 3021 275 3088 ceteris
306 3023 340 3085 in
369 3016 487 3085 artibus
518 3024 571 3082 ant
602 3013 711 3080 studiis
738 3013 795 3079 site
825 3023 909 3088 sunt,
944 3022 1053 3106 orator
1078 3018 1203 3101 ignoret
1230 3028 1413 3108 tantumque
1444 3046 1482 3091 ea

162 3124 280 3191 teneat,
303 3134 384 3200 quac
406 3111 520 3177 sintin
543 3106 820 3194 disceptationibus
841 3117 934 3194 atque
955 3111 987 3172 in
1008 3130 1068 3175 nsu
1089 3109 1222 3187 lorensi,
1244 3124 1349 3181 tamen
1370 3119 1421 3185 his
1443 3124 1481 3185 de

125 3183 256 3276 ³0rebus
278 3209 354 3292 ipsis
376 3209 401 3272 si
423 3205 462 3271 sit
483 3209 512 3270 ei
534 3201 717 3274 dicendum,
740 3223 811 3266 cnm
833 3205 1017 3286 cognoverit
1037 3206 1077 3268 ab
1099 3204 1157 3282 iis,
1181 3207 1235 3291 qui
1249 3217 1373 3287 tenent,
1399 3233 1480 3297 quae

162 3303 278 3369 sintin
299 3321 423 3388 quaque
445 3320 492 3372 re,
519 3297 615 3364 multo
639 3304 798 3362 oratorem
820 3295 931 3361 melius
953 3317 1045 3381 66666
1062 3300 1147 3381 ipsos
1162 3299 1249 3377 illos,
1273 3324 1411 3388 qnorum
1425 3326 1480 3370 eae

161 3401 222 3462 sint
244 3405 342 3471 artes,
379 3415 448 3460 esse
471 3393 635 3458 dicturum.
682 3394 733 3455 66.
758 3391 804 3454 116
826 3388 970 3455 sidere
992 3390 1117 3458 militari
1139 3393 1305 3461 dicendum
1326 3395 1399 3463 buic
1421 3399 1481 3464 erit

162 3490 320 3576 Sulpicio,
357 3483 1005 3575 6666661661166166166166616661,
1041 3506 1110 3551 cum
1132 3491 1303 3576 acceperit,
1341 3490 1384 3557 ita
1407 3514 1482 3576 pro·

160 3583 332 3658 nuntiabit,
357 3591 391 3646 ut
413 3581 470 3669 ipsi
494 3584 527 3650 C.
551 3579 650 3646 llario
673 3599 771 3662 paene
793 3578 844 3643 bic
867 3579 978 3644 melius
1000 3601 1092 3667 quam
1111 3581 1180 3666 ipse
1201 3583 1256 3650 illa
1277 3586 1358 3650 seire
1374 3586 1481 3652 videa·
1521 3628 1525 3633 -

122 3651 227 3755 ³⁵tur3
261 3678 308 3741 sin
330 3678 369 3739 de
391 3675 461 3740 iure
483 3674 581 3748 civili,
616 3682 719 3738 tecum
743 3673 986 3739 communicabit
1009 3682 1101 3760 teque
1123 3677 1281 3742 hominem
1303 3681 1482 3763 prudentis-

160 3774 273 3838 simum
295 3780 326 3836 et
347 3768 569 3855 peritissimum
592 3767 684 3831 iniis
706 3766 780 3853 ipsis
801 3765 915 3842 rebus,
939 3788 1016 3854 quas
1037 3771 1093 3833 abs
1116 3778 1146 3834 tc
1168 3770 1331 3848 didicerit,
1356 3771 1481 3838 dicendi
1566 3824 1567 3827 ¹

164 3875 230 3932 arte
251 3864 429 3950 superabit;
466 3865 517 3927 67.
539 3861 585 3926 sin
608 3882 687 3946 quae
708 3881 760 3926 res
781 3861 941 3935 inciderit,
975 3861 1008 3926 in
1030 3883 1091 3948 qua
1112 3866 1152 3928 de
1173 3874 1299 3939 natura,
1332 3866 1479 3932 devitiis

227 4040 253 4090 5.
273 4037 346 4088 vobis
364 4038 411 4086 hoc
429 4035 484 4083 1111.
509 4062 536 4073 -
569 4034 658 4085 dubito
678 4033 761 4085 Codd.
781 4033 815 4083 sl.
836 4033 868 4082 11.
895 4057 926 4070 -
957 4031 984 4083 d.
1013 4036 1065 4085 isto
1093 4037 1153 4095 ipso
1178 4050 1245 4099 6666
1268 4037 1359 4100 poscito
1377 4046 1440 4089 onte
1457 4044 1481 4089 et

159 4110 343 4161 mathematico
363 4115 386 4157 et
404 4112 546 4156 6616666666
559 4106 592 4156 11.
608 4130 638 4141 -
656 4105 683 4155 i.
703 4105 839 4154 illustrari
857 4103 888 4152 11.
904 4127 932 4140 -
954 4105 997 4155 11.
1017 4111 1053 4156 est
1072 4110 1208 4168 tamquam
1228 4107 1264 4155 od
1281 4109 1418 4157 architecti
1433 4122 1481 4172 po·

158 4184 210 4231 1166
226 4179 381 4243 facultatem
399 4177 431 4226 11.
453 4202 483 4213 -
504 4178 545 4226 lt.
566 4190 646 4242 66666
665 4176 782 4225 oratorie
802 4188 854 4225 orn.
869 4173 901 4223 11.
914 4198 947 4209 ·-
967 4173 1010 4226 13.
1028 4187 1097 4233 non,
1118 4173 1187 4239 cnm]
1205 4190 1342 4240 nonquam
1361 4179 1397 4237 li,
1416 4192 1482 4228 6666

157 4266 215 4302 crios
235 4253 265 4300 11.
288 4274 319 4286 -
350 4251 393 4299 15.
414 4261 472 4298 cum
489 4247 571 4297 Codd.
594 4249 731 4309 plerique,
753 4248 795 4295 lt:
816 4244 1065 4300 1666666611.-
1097 4246 1141 4295 20.
1161 4248 1185 4295 si
1203 4248 1299 4308 optime
1319 4248 1402 4298 Codd.
1424 4250 1479 4300 sl:

157 4325 181 4372 st
198 4323 227 4371 td
245 4323 341 4384 optime
359 4318 414 4370 116.
434 4343 463 4352 -
481 4317 599 4378 (66666-
620 4343 630 4354 -
649 4321 714 4367 scint
733 4329 785 4366 oni.
805 4316 851 4373 n.)
867 4339 895 4351 -
914 4319 1078 4379 1666666666
1094 4319 1117 4366 61
1135 4319 1169 4366 sit
1187 4316 1242 4367 nn.
1265 4340 1295 4353 -
1315 4319 1360 4369 21.
1380 4318 1411 4370 66
1429 4333 1483 4383 666

155 4395 240 4448 scint,
258 4404 333 4452 posse
354 4393 371 4439 n
391 4391 508 4452 aliique:
530 4389 561 4439 de
580 4401 630 4452 666
649 4392 734 4439 sciet.
754 4400 809 4436 ooo
825 4397 900 4450 posse
918 4385 959 4446 11,
982 4399 1072 4448 posse,
1106 4386 1138 4435 de
1157 4401 1209 4450 666
1225 4391 1293 4439 sciet
1313 4388 1343 4438 ii.
1372 4388 1429 4508 6216.
1451 4390 1482 4442 de

156 4465 290 4528 66666161
310 4465 441 4510 immerito
460 4469 580 4520 suspecta
601 4460 675 4509 erant
696 4454 881 4519 Heusingero.)
901 4480 926 4493 -
946 4456 990 4505 st.
1011 4470 1165 4520 6666666666
1184 4458 1216 4506 66
1233 4471 1261 4507 66
1281 4458 1312 4508 a.
1328 4483 1359 4496 -
1397 4460 1424 4509 5.
1442 4461 1482 4511 61·

158 4533 235 4583 66111
254 4534 372 4594 aliique,
392 4532 431 4580 n:
454 4530 527 4579 dicct
547 4531 577 4579 11.
593 4554 622 4565 -
643 4530 686 4578 26.
707 4528 820 4578 octioois
840 4529 921 4576 etium
939 4528 959 4577 li
978 4527 1095 4588 aliique.
1117 4529 1158 4577 n:
1179 4531 1258 4579 etism
1277 4532 1388 4579 notionis
1407 4530 1438 4581 11.
1452 4555 1478 4567 -

154 4604 199 4653 2¹1.
215 4601 500 4665 666666611366661..
521 4601 562 4650 a:
579 4602 658 4664 poeni
677 4600 707 4649 E.
729 4597 782 4648 cn.
795 4596 930 4661 Wytienh·
946 4597 1033 4660 liciog.
1049 4599 1107 4648 bist.
1124 4611 1149 4658 p·
1163 4597 1226 4649 618.
1248 4625 1276 4636 -
1298 4600 1341 4649 611.
1362 4597 1418 4663 oct]
1440 4606 1482 4650 ot·

155 4686 205 4739 666
224 4673 253 4722 is.
271 4698 300 4709 -
322 4671 364 4722 36.
386 4682 447 4721 suot
461 4671 512 4721 (iu.
530 4675 575 4728 1..
596 4679 625 4720 nt
644 4670 746 4719 volebat
767 4669 917 4718 ilnldrlcus.
933 4691 964 4703 -
983 4669 1072 4732 616661
1089 4668 1182 4718 66111.
1199 4695 1227 4706 -
1249 4675 1336 4726 tomen
1352 4672 1376 4718 si
1393 4671 1432 4720 bis
1446 4671 1479 4721 11.

157 4745 264 4808 (omisso
276 4744 300 4791 si
313 4752 373 4792 soie
387 4757 411 4792 v.
426 4743 482 4803 stt.)
496 4768 525 4778 -
545 4741 587 4791 ³2.
602 4753 761 4804 6666666666
774 4742 805 4788 it.
823 4761 850 4771 -
872 4738 957 4788 multo
970 4738 1000 4788 6.
1017 4762 1047 4776 -
1060 4737 1103 4789 33.
1118 4739 1202 4788 sintii
1216 4740 1327 4803 alitque:
1347 4746 1409 4789 6666
1423 4742 1479 4791 iili.

157 4839 188 4850 -
208 4815 251 4864 35.
272 4813 299 4863 6.
315 4827 367 4862 om.
389 4813 539 4864 Lambinus.
558 4839 585 4849 -
606 4813 649 4862 1116
667 4812 698 4861 a.
716 4835 747 4845 -
767 4809 810 4860 36.
830 4806 914 4859 lecum
931 4821 1016 4859 666666
1033 4811 1137 4859 eccesie
1154 4809 1254 4860 Nonius
1274 4822 1300 4870 p.
1315 4808 1375 4860 1811.
1393 4810 1431 4864 hi.
1448 4837 1478 4850 -

153 4881 238 4949 16666]
260 4888 284 4936 ts
303 4883 421 4944 Nonius,
443 4884 496 4934 611.
517 4882 720 4934 -3’1.16’611.
742 4905 771 4919 -
791 4877 835 4930 36.
855 4873 935 4942 6666]
953 4893 1005 4944 666
1023 4879 1185 4940 Lambinus,
1205 4878 1345 4946 61166611.
