3232 5392
212 213 273 292 lte
681 274 685 284 .
706 224 762 289 DE
780 223 1030 290 INVENTIONE

193 387 339 473 bairum
368 382 562 468 negligebam
597 401 648 446 me
678 388 709 448 et
735 382 886 469 populum
913 386 1088 449 Romanum
1110 385 1224 449 vicisse
1245 384 1379 451 moleste
1401 383 1534 452 ferebat.

207 476 377 545 lnfirmatio
400 485 463 543 est:
486 482 603 541 Tamen
624 497 641 541 a
663 474 759 541 fratre
780 480 990 544 indemnatam
1012 477 1118 543 necari
1135 498 1200 544 uon
1216 480 1365 566 oportuit.
1409 483 1457 544 Er
1473 502 1534 565 qua

206 572 356 640 iudicatio
379 568 430 634 fit:
456 571 533 634 Cum
555 568 686 636 Horatia
706 568 840 637 fratrum
863 582 998 637 mortem
1018 575 1214 657 negligeret,
1238 575 1376 639 hostium
1398 573 1532 658 lugeret,

192 667 312 734 -fratris
326 674 359 732 et
371 663 480 752 populi
493 664 626 728 Romani
641 665 772 728 victoria
793 687 859 730 non
880 669 1050 750 gauderet,
1075 666 1294 754 oportueritne
1316 691 1387 733 eam
1403 690 1422 733 a
1435 669 1534 733 fratre

183 765 418 828 sindemnatam
446 756 574 823 necarit
616 760 746 824 XXVII.
781 761 848 823 lloc
877 763 910 823 in
939 781 1055 845 genere
1077 781 1190 826 causae
1213 760 1370 844 primum,
1407 760 1533 848 siquid

206 880 247 925 ex
269 857 380 922 ceteris
402 852 527 919 dabitur
548 849 838 929 constitutionibus,
874 856 957 920 sumi
979 856 1157 936 oportebit,
1191 857 1283 920 sicuti
1316 856 1349 920 in
1371 877 1534 942 compara·

206 952 292 1018 tione
313 954 518 1037 praeceptum
540 952 605 1023 est;
642 954 769 1031 postea,
792 947 820 1011 si
841 969 903 1032 qua
924 950 1056 1014 facultas
1077 951 1155 1025 erit,
1179 969 1237 1035 per
1258 949 1395 1037 aliquam
1417 952 1534 1016 eonsti-

205 1050 359 1112 tutiouem
380 1042 485 1119 illum,
519 1042 552 1104 iu
576 1059 670 1125 quem
692 1043 811 1106 crimen
832 1042 1057 1118 transferetur,
1092 1041 1278 1123 defendere;
1316 1048 1369 1110 80.
1395 1046 1530 1120 deinde,

204 1142 304 1210 levius
326 1161 395 1206 esse
416 1136 511 1210 illud,
534 1137 619 1220 quod
641 1138 673 1199 in
695 1137 827 1201 alterum
848 1146 1011 1224 peccatum
1033 1159 1106 1201 reus
1128 1136 1312 1215 transferat,
1336 1160 1430 1226 quam
1446 1142 1532 1226 quod

153 1235 271 1322 *seipse
293 1233 483 1318 susceperit3
516 1237 627 1317 postea
654 1229 864 1294 translationis
892 1229 1032 1317 partibus
1053 1233 1098 1296 uti
1122 1240 1154 1295 et
1176 1235 1345 1298 ostendere
1367 1253 1386 1297 a
1410 1253 1474 1320 quo
1498 1239 1530 1297 et

204 1350 263 1415 per
294 1348 373 1414 quos
402 1334 436 1391 ct
463 1346 525 1411 quo
553 1326 650 1389 modo
676 1331 709 1387 et
731 1344 794 1409 quo
816 1333 959 1412 tempore
980 1333 1034 1391 aut
1055 1327 1105 1411 agi
1128 1333 1182 1390 aut
1203 1324 1335 1392 iudicari
1358 1335 1414 1391 aut
1435 1329 1529 1391 statui

205 1427 244 1490 de
266 1444 305 1488 ea
325 1441 360 1488 re
383 1417 584 1497 convenerit;
609 1439 644 1482 ac
659 1418 753 1484 simul
770 1422 938 1485 ostendere
959 1441 1025 1484 non
1046 1420 1227 1505 oportuisse
1247 1428 1320 1485 ante
1342 1420 1531 1506 supplicium

203 1537 298 1607 quam
319 1515 471 1581 iudicium
492 1514 706 1597 interponere.
750 1516 830 1577 Tum
852 1513 938 1599 leges
961 1532 1088 1599 quoque
1110 1522 1142 1579 et
1155 1515 1274 1579 iudicia
1287 1517 1531 1580 demonstranda

204 1621 291 1688 sunt,
314 1632 373 1695 per
393 1629 474 1695 quae
496 1610 634 1696 potuerit
655 1609 688 1672 id
709 1616 893 1692 peccatum,
917 1611 1003 1694 quod
1024 1615 1136 1693 sponte
1158 1629 1215 1673 sna
1235 1630 1310 1674 reus
1331 1611 1459 1695 punitus
1480 1611 1528 1684 sit,

165 1736 195 1779 es
204 1709 346 1775 moribus
361 1714 392 1770 et
405 1704 523 1770 iudicio
537 1705 701 1769 vindicari.
745 1701 867 1767 Deinde
889 1721 1005 1787 negare
1029 1700 1180 1788 [debebit]
1204 1703 1306 1768 audiri
1320 1711 1472 1787 oportere
1486 1706 1529 1776 id,

204 1805 290 1889 quod
312 1801 345 1864 in
367 1818 439 1863 eum
461 1796 598 1862 criminis
620 1794 817 1871 conferatur,
841 1798 881 1860 de
896 1816 959 1881 quo
973 1798 1001 1860 is
1015 1798 1101 1881 ipse,
1125 1801 1179 1884 qui
1194 1797 1354 1874 conferat,
1378 1797 1529 1863 indicium

189 1895 273 1964 fieri
294 1893 449 1972 noluerit3
484 1900 516 1958 et
536 1894 584 1967 id,
614 1890 699 1976 quod
721 1891 890 1955 iudicatum
912 1910 977 1954 non
999 1890 1055 1968 sit,
1079 1910 1140 1974 pro
1161 1891 1278 1957 infecto
1300 1893 1413 1959 haberi
1435 1912 1529 1980 opor·

204 2000 287 2071 tere;
320 1994 372 2056 81.
394 1995 505 2075 postea
525 1986 750 2070 impudentiam
773 1985 990 2049 demonstrare
1012 2005 1143 2061 corum,
1167 1988 1221 2072 qui
1244 2008 1317 2052 eum
1339 2008 1424 2054 nunc
1447 1991 1529 2073 apud

204 2087 325 2154 indices
345 2088 508 2157 accusent,
532 2100 626 2168 quem
648 2081 716 2143 sine
738 2079 895 2144 iudicibus
915 2080 977 2162 ipsi
999 2081 1256 2160 condemnarint;
1280 2083 1373 2146 etde
1395 2101 1436 2147 co
1450 2081 1529 2146 indi·

167 2185 289 2252 socium
309 2183 439 2255 iaciant,
462 2179 586 2261 dequo
609 2176 671 2238 iam
690 2175 751 2256 ipsi
775 2174 962 2258 supplicium
985 2176 1187 2259 sumpserint.
1232 2176 1345 2240 Postea
1363 2177 1529 2258 perturba-

204 2279 323 2343 tionem
344 2273 451 2339 iudicii
473 2269 610 2334 fulturam
634 2263 796 2352 [dicemus]
826 2274 859 2330 ct
886 2267 1007 2331 iudices
1036 2266 1182 2351 longius,
1216 2289 1312 2353 quam
1339 2279 1528 2354 potestatem

203 2369 354 2444 habeant,
376 2382 620 2451 progressuros,
645 2365 671 2425 si
693 2360 786 2426 simul
808 2358 901 2425 etde
922 2381 979 2427 reo
1001 2360 1093 2427 etde
1115 2383 1175 2439 eo,
1201 2383 1296 2449 quem
1318 2385 1391 2430 reus
1405 2374 1526 2451 arguat,

203 2463 388 2541 iudicarint;
419 2460 550 2533 deinde,
579 2459 641 2520 hoc
663 2457 689 2519 si
712 2457 916 2520 constitutum
937 2458 995 2533 sit,
1018 2465 1054 2520 ut
1075 2467 1203 2540 peccata
1224 2460 1369 2524 homines
1390 2463 1528 2547 peccatis

204 2567 237 2624 et
258 2559 387 2623 iniurias
410 2553 532 2618 iniuriis
554 2550 764 2626 ulciscantur,
789 2556 940 2636 quantum
955 2552 1228 2618 incommodorum
1243 2565 1470 2639 consequatur;
1493 2576 1528 2619 ac

166 2678 195 2720 rr
205 2656 232 2719 si
250 2655 336 2718 idem
355 2648 459 2715 facere
481 2649 566 2730 ipse,
601 2645 656 2732 qni
677 2665 760 2710 nunc
781 2654 923 2721 accuset,
958 2648 1126 2723 voluisset,
1159 2667 1201 2711 ne
1223 2646 1284 2715 boc
1305 2651 1435 2735 quidem
1458 2651 1527 2735 ipso

203 2746 373 2836 quidquam
404 2762 485 2826 opus
516 2739 612 2806 fuisse
642 2738 759 2805 iudicio
766 2760 775 2817 ;
811 2741 840 2803 si
871 2759 949 2806 vero
981 2742 1078 2805 ceteri
1110 2761 1239 2828 quoque
1270 2741 1354 2807 idem
1386 2740 1525 2818 faciant,

204 2844 333 2908 omnino
365 2838 515 2904 iudicium
544 2833 664 2900 nullum
696 2832 848 2899 futurum.
892 2839 943 2900 82.
973 2838 1086 2900 Postea
1103 2830 1397 2914 demonstrabitur,
1434 2839 1528 2901 nesi

202 2935 320 3003 iudicio
343 2933 469 3021 quidem
491 2930 545 2996 illa
567 2929 711 2996 damnata
735 2938 836 3005 esset,
869 2927 902 2994 in
932 2950 1026 3016 quam
1047 2931 1080 2994 id
1102 2932 1222 2994 crimen
1244 2933 1284 2995 ab
1306 2951 1362 2997 ren
1384 2929 1529 2996 confera-

186 3024 272 3106 tur,
299 3031 439 3117 potuisse
461 3025 543 3091 bunc
563 3026 668 3108 ipsum
689 3028 729 3089 de
750 3023 804 3088 illa
825 3022 1011 3109 supplicium
1034 3045 1177 3103 sumere3
1216 3045 1313 3112 quare
1343 3047 1413 3092 esse
1446 3026 1530 3092 indi·

167 3145 300 3208 aognum
336 3143 425 3195 eum,
462 3119 515 3206 qui
541 3141 582 3183 ne
603 3117 644 3184 de
666 3116 812 3183 damnata
833 3121 960 3204 quidem
981 3139 1102 3206 poenas
1124 3140 1249 3185 sumere
1270 3120 1338 3208 ipse
1361 3123 1525 3207 potuisset,

205 3219 244 3281 de
267 3237 305 3281 ea
325 3214 512 3300 supplicium
533 3215 721 3299 sumpsisse,
755 3234 837 3300 quae
864 3235 905 3279 ne
933 3217 1068 3280 adducta
1097 3217 1223 3301 quidem
1245 3218 1340 3281 sitin
1363 3218 1525 3281 iudicium.

203 3310 325 3377 Deinde
347 3309 534 3396 postulabit,
556 3316 591 3371 ut
612 3311 734 3392 legem,
757 3329 820 3392 qua
841 3306 909 3393 lege
931 3308 1063 3387 fecerit,
1087 3310 1236 3397 proferat.
1281 3312 1403 3375 Deinde
1418 3330 1528 3397 quem·

204 3409 373 3471 admodum
394 3408 428 3469 in
450 3405 682 3490 comparatione
703 3405 989 3488 praecipiebamus,
1022 3404 1174 3482 utillud,
1209 3408 1293 3490 quod
1322 3407 1528 3489 comparaba-

204 3509 270 3577 tur,
293 3509 512 3565 extenuaretur
532 3501 571 3563 ab
593 3504 773 3562 accusatore
797 3519 890 3582 quam
912 3500 1065 3574 maxime,
1090 3498 1190 3563 sicin
1211 3502 1274 3563 hoo
1296 3521 1412 3583 genere
1432 3518 1528 3585 opor-

167 3618 195 3661 as
205 3595 283 3662 tebit
304 3595 386 3661 illius
407 3597 546 3681 culpam,
576 3592 609 3658 in
631 3612 725 3678 quem
747 3591 867 3655 crimen
890 3590 1112 3669 transferetur,
1145 3612 1215 3659 eum
1238 3596 1331 3659 huius
1353 3592 1525 3669 maleficio,

205 3691 260 3773 qui
281 3710 316 3754 se
344 3692 413 3754 iure
442 3687 554 3753 fecisse
582 3685 682 3762 dicat,
717 3705 912 3768 comparare.
956 3688 1070 3751 Postea
1092 3687 1369 3753 demonstrandum
1393 3698 1527 3753 estnon

205 3804 274 3848 csse
295 3782 374 3847 illud
396 3784 565 3858 eiusmodi,
589 3789 625 3845 ut
647 3779 689 3846 ob
711 3778 744 3844 id
765 3783 826 3843 hoc
846 3778 914 3844 fieri
937 3783 1130 3847 conveniret.
1175 3787 1324 3849 Extrema
1346 3791 1409 3858 est,
1436 3783 1526 3847 utin

205 3878 456 3963 comparatione,
493 3878 663 3960 assumptio
694 3874 893 3941 iudicationis
923 3878 1022 3941 etde
1050 3897 1087 3941 ea
1108 3897 1166 3964 per
1187 3877 1462 3965 amplificationem
1484 3898 1525 3941 ex

204 3971 438 4038 deliberationis
458 3970 635 4057 praeceptis
657 3969 764 4035 dictio.
806 3971 950 4035 XXVIII.
975 3972 1027 4036 83.
1050 3971 1207 4039 Defensor
1230 3983 1349 4050 autem,
1374 3992 1455 4059 quac
1468 3992 1527 4057 per

271 4185 299 4235 il.
319 4196 370 4248 quo
389 4179 421 4231 Α.
438 4206 467 4219 -
488 4179 515 4230 e.
534 4179 661 4238 ricatil’,
680 4178 794 4230 Larum:
815 4179 883 4229 sicut
894 4176 974 4229 dllll.
990 4204 1018 4217 -
1037 4178 1064 4230 8.
1078 4179 1255 4244 transferetur
1267 4180 1335 4232 PAR
1349 4187 1376 4233 et
1388 4179 1523 4244 plerique:

202 4255 363 4318 transfertur
376 4253 396 4302 ll
410 4266 469 4304 cum
483 4251 570 4302 Sobel.
585 4258 611 4301 et
625 4251 760 4302 Vlctorluo
773 4253 800 4300 lu
814 4250 961 4300 comment.
987 4252 1021 4300 At
1034 4250 1081 4301 cfr.
1095 4249 1124 4314 ἕ.
1138 4253 1183 4302 at.
1201 4279 1229 4291 -
1247 4246 1277 4302 D.
1296 4266 1348 4303 erre
1358 4252 1425 4302 illud
1437 4252 1523 4301 Pau:

203 4339 257 4377 erre
267 4326 328 4375 ttlnc
341 4323 431 4374 lamb.
445 4322 525 4387 (anon
539 4326 597 4374 alne
611 4335 700 4379 carisa,
714 4334 774 4372 cnm
787 4326 889 4371 constet
901 4320 1032 4371 interdurn
1046 4334 1077 4373 er
1091 4322 1236 4374 ltttererum
1250 4323 1436 4374 esslrnllettone
1449 4323 1523 4384 tttuc,

200 4397 269 4446 trtoc
282 4399 407 4458 scripturn
421 4407 493 4456 esre,
512 4395 685 4456 sequentibus
698 4393 791 4444 litterla
805 4404 834 4451 c,
849 4401 893 4452 q.»
907 4389 1051 4455 (Lrnnnu.)
1065 4404 1119 4444 erre
1132 4392 1196 4457 (orn.
1212 4393 1288 4457 illud)
1302 4395 1322 4444 ll
1337 4407 1396 4445 curn
1412 4393 1487 4443 Voss.
1500 4395 1523 4441 l.

200 4463 278 4529 (ettad
294 4472 444 4529 precntum,
463 4466 532 4529 quod
549 4466 579 4513 in
598 4466 710 4515 alterum
727 4461 813 4513 Dion.
833 4461 924 4519 uuus.)
941 4486 972 4500 -
997 4462 1040 4512 10.
1059 4464 1101 4512 ott
1116 4463 1237 4526 partibor
1255 4464 1287 4515 V.
1307 4488 1339 4501 -
1371 4465 1415 4514 tt.
1433 4464 1525 4527 poerit·

201 4542 243 4586 tur
256 4536 354 4602 Gryplr.
369 4537 431 4587 duo.
448 4561 477 4574 -
497 4537 542 4586 15.
561 4536 661 4586 debebit
678 4549 729 4586 om.
745 4533 776 4590 Ρ,
796 4531 885 4582 8ε1ιοΙ.
902 4531 976 4582 Voss.
990 4533 1011 4581 l.
1027 4533 1063 4582 ll.
1083 4534 1158 4585 Letd.
1173 4534 1221 4586 lll.
1242 4534 1295 4587 Nor
1309 4535 1475 4588 seclusimus.
1489 4559 1525 4570 -

201 4608 246 4659 tr.
265 4608 358 4657 dobere
375 4606 429 4657 ΡΑ.
452 4631 480 4644 -
502 4605 545 4657 18.
566 4620 657 4656 eorum
675 4604 773 4656 debebit
791 4603 824 4653 tt.
845 4603 939 4653 -81,
959 4601 1084 4668 dicemur]
1102 4606 1168 4655 dicer
1186 4606 1234 4658 οι.
1250 4619 1328 4657 nnus.
1351 4606 1410 4657 Det.
1430 4605 1522 4658 Lemb.

202 4685 229 4730 et
247 4677 394 4728 Sebutrlus.
431 4676 485 4727 llos
503 4675 668 4728 seclusimus.
690 4701 718 4712 —
747 4675 791 4724 25.
811 4678 920 4724 cremat
938 4673 991 4723 PR.
1011 4672 1055 4738 (Ut
1073 4688 1136 4735 nor,
1156 4671 1201 4738 Α.)
1223 4702 1250 4712 -
1283 4677 1326 4726 30.
1347 4679 1525 4739 sumereque

198 4751 326 4811 potuisset
346 4748 413 4798 PAR
432 4755 458 4798 et
477 4760 567 4799 omnes
586 4747 656 4800 Oud·
676 4750 780 4809 praeter
798 4744 873 4796 Letd.
894 4743 933 4800 l..
967 4757 1082 4807 quocum
1100 4759 1200 4797 samm
1214 4749 1345 4808 potuerat
1372 4747 1435 4809 (orn.
1455 4744 1523 4811 ipre)

200 4818 255 4869 Lll.
275 4844 306 4854 —
326 4819 369 4869 33.
390 4819 595 4880 comparabatur
614 4818 679 4872 tlt:
698 4813 934 4878 compararetur?
953 4822 979 4867 ει
997 4828 1037 4877 pr.
1057 4816 1156 4869 schol..
1175 4823 1341 4880 comparetur
1359 4817 1434 4881 Eri..
1455 4831 1524 4872 corn·

197 4888 341 4955 parabitur
359 4889 381 4939 tt
400 4902 461 4940 cum
481 4889 553 4942 Cras.
578 4913 608 4928 -
628 4889 672 4942 81.
691 4888 838 4940 eouwnertt
856 4897 925 4937 corr.
943 4885 983 4946 Ρ,
1002 4894 1033 4939 ut
1048 4890 1196 4951 suspicatus
1215 4894 1254 4942 ert
1266 4887 1415 4943 lirnerttur.
