3216 5400
603 192 680 254 LIB.
705 191 732 254 1.
777 190 813 256 6.
838 193 889 258 33.
911 194 962 259 31.
1385 201 1446 279 189

125 357 189 432 illa,
220 376 301 441 quae
324 353 481 429 dicantur,
513 350 626 417 similia
647 353 835 434 scriptorum
858 373 927 418 esse
948 355 1126 434 videantur;
1159 360 1252 444 atque
1274 359 1383 433 ctiam,
1417 359 1446 426 si

125 454 246 541 quando
268 446 461 517 indicendo
489 447 640 532 scriptum
669 444 808 511 attulerit
833 446 968 531 aliquid,
1006 469 1076 513 eum
1110 453 1149 515 ab
1180 472 1218 515 ec
1248 450 1443 532 discesserit,

125 548 243 633 reliqua
265 542 375 609 similis
398 542 500 608 oratio
516 548 737 624 consequetur.
780 543 852 605 153.
878 544 915 606 111
931 541 1084 608 concitatu
1099 546 1242 630 navigIo,
1266 569 1336 612 cum
1352 549 1446 615 remi-

125 663 176 728 ges
206 642 428 713 inhibuerunt,
465 635 580 699 retinet
611 642 717 699 tamen
751 636 819 719 ipsa
847 635 936 701 navis
967 645 1087 702 motum
1116 649 1147 703 et
1173 660 1299 707 cursum
1331 664 1443 720 suum,

124 736 297 804 intermisso
328 733 447 818 impetu
475 731 632 816 pulsuque
661 750 836 794 remorum:
874 729 918 794 sic
947 732 979 795 in
1007 730 1149 797 oratione
1171 744 1339 819 perpetua,
1375 757 1469 804 cumr

125 831 237 918 scripta
259 825 422 900 deficiunt,
444 843 553 907 parem
575 832 680 888 mmen
703 820 824 888 obtinet
844 826 946 888 oratio
968 827 1090 913 reliqua
1111 847 1235 892 cursum
1258 833 1446 917 scriptorum

125 921 323 992 similitudine
346 929 378 984 et
398 918 429 984 ai
452 917 616 982 concitata.
661 918 806 982 XXXIV.
845 920 915 982 lss.
948 922 983 984 In
1011 920 1200 1006 quotidianis
1230 933 1334 991 autem
1362 948 1446 992 com·

124 1019 365 1086 mentationibns
397 1012 545 1099 equidem
577 1010 653 1076 mibi
685 1009 933 1077 adolescentulus
966 1034 1146 1099 proponere
1184 1016 1325 1083 solebam
1357 1019 1445 1086 illam

125 1111 379 1180 exercitationem
412 1109 563 1182 maxime,
602 1125 664 1192 qua
693 1108 726 1172 6.
750 1106 942 1182 Carbonem,
980 1116 1121 1174 nostrum
1150 1109 1239 1178 illum
1266 1114 1445 1190 inimicum,

127 1209 249 1274 solitum
273 1226 341 1270 esse
364 1205 409 1266 uti
430 1201 585 1277 sciebam,
614 1209 649 1265 ut
670 1208 724 1266 aut
744 1200 888 1267 versibus
909 1201 1080 1288 propositis
1101 1225 1196 1291 quam
1219 1208 1354 1274 maxime
1377 1230 1446 1292 gra-
1455 1238 1483 1278 10

124 1306 211 1368 vibus
233 1309 287 1365 aut
308 1300 449 1364 oratione
472 1295 578 1380 aliqua
599 1294 679 1360 lecta
706 1292 745 1359 ad
770 1316 841 1361 eum
869 1293 979 1369 linem,
1016 1318 1110 1381 quem
1140 1304 1292 1366 memoria
1320 1322 1446 1389 possem

124 1392 406 1481 comprehendere,
429 1411 498 1456 eam
520 1395 586 1454 rem
609 1391 728 1475 ipsam,
752 1411 846 1474 quam
867 1388 1027 1474 legissem.
1050 1393 1153 1457 verbis
1175 1394 1243 1460 aliis
1267 1418 1360 1481 quam
1381 1420 1446 1465 ma·

123 1496 204 1556 xime
233 1507 358 1573 possem
387 1485 475 1549 lectis
507 1482 756 1566 pronuntiarem.
803 1486 864 1549 Sed
890 1493 962 1567 post
992 1486 1196 1554 animadverti
1228 1492 1291 1556 hoe
1323 1513 1391 1558 esse
1412 1495 1446 1559 in

124 1585 182 1651 boc
203 1584 286 1658 vitii,
319 1582 403 1667 quod
425 1599 463 1644 ea
483 1573 599 1652 verba,
639 1597 719 1661 quae
741 1577 878 1643 maxime
900 1580 1120 1665 cuiusque‘rei
1142 1585 1273 1669 propria
1298 1606 1444 1672 quaeque

124 1690 226 1746 essent
247 1675 443 1743 ornatissima
464 1679 558 1757 atque
581 1668 712 1756 optima,
736 1682 919 1758 occupasset
940 1683 993 1741 aut
1014 1678 1151 1752 Ennius,
1175 1677 1202 1740 si
1223 1676 1262 1742 ad
1285 1680 1352 1745 eius
1374 1702 1445 1746 ver·
1455 1705 1480 1746 rs

122 1798 174 1845 sus
195 1794 246 1840 me
266 1791 467 1842 exercerem,
500 1774 553 1830 aut
575 1769 751 1842 Gracchus,
787 1769 814 1831 si
836 1769 903 1834 eins
926 1768 1100 1834 orationem
1122 1769 1199 1835 mibi
1220 1773 1302 1837 forte
1329 1794 1446 1861 propo·

122 1872 270 1937 suissem:
307 1867 367 1940 ita,
400 1861 428 1927 si
448 1859 560 1926 iisdem
581 1856 686 1924 verbis
708 1869 832 1938 uterer,
868 1862 947 1927 nihil
976 1861 1127 1949 prodesse
1135 1887 1144 1943 ;
1180 1866 1207 1927 si
1229 1864 1316 1943 aliis,
1351 1868 1443 1936 etiam

124 1962 249 2038 obesse,
271 1980 342 2026 cum
364 1957 466 2022 minus
487 1953 610 2020 idoneis
632 1953 678 2021 nti
699 1975 952 2022 consuescerem.
1000 1960 1069 2022 155.
1091 1961 1204 2024 Postea
1219 1960 1298 2026 mibi
1312 1964 1442 2048 placuit,

123 2078 223 2143 eoque
244 2076 313 2122 sum
335 2073 410 2118 usus
433 2048 630 2124 adolescens,
661 2057 696 2114 ut
716 2071 912 2116 summorum
934 2061 1095 2117 oratorum
1119 2054 1251 2120 Graecas
1281 2055 1443 2122 orationes

123 2153 321 2236 explicarem.
364 2146 486 2224 Quibus
506 2143 596 2210 lectis
616 2148 677 2210 hoo
699 2143 906 2230 assequebar,
936 2155 983 2219 ut,
1018 2167 1164 2224 cumea,
1200 2169 1281 2234 quae
1305 2151 1442 2236 legeram
1452 2178 1480 2218 so

123 2251 254 2319 Graece,
288 2241 399 2310 Latine
427 2241 612 2314 redderem,
647 2259 712 2303 non
742 2241 844 2303 solum
874 2239 1000 2326 optimis
1029 2242 1136 2305 verbis
1158 2250 1264 2308 uterer
1287 2251 1443 2310 ettamen

122 2342 258 2415 usitatis,
294 2335 351 2403 sed
382 2333 476 2399 etiam
507 2334 717 2418 exprimerem
749 2335 904 2420 quaedam
931 2336 1030 2399 verba
1051 2333 1220 2412 imitando,
1257 2359 1338 2422 quae
1360 2358 1443 2405 nova

122 2436 234 2499 uostris
256 2439 377 2505 essent,
412 2424 583 2493 dummodo
612 2433 716 2490 esseut
737 2424 862 2491 idonea.
910 2430 981 2491 156.
1015 2430 1079 2492 lam
1101 2429 1188 2494 vocis
1211 2440 1241 2496 et
1262 2432 1389 2515 spiritus
1411 2439 1443 2496 et

123 2532 217 2595 totius
247 2526 390 2612 corporis
415 2532 447 2588 et
472 2521 571 2608 ipsius
600 2520 724 2604 linguae
754 2528 857 2586 motus
879 2529 911 2586 et
931 2521 1172 2588 exercitationes
1193 2545 1257 2589 nou
1279 2533 1344 2590 tam
1365 2524 1442 2591 artis

121 2623 261 2708 indigent
291 2639 385 2709 quam
417 2614 550 2695 laboris;
587 2612 701 2701 quibus
728 2613 762 2679 in
788 2617 883 2680 rebus
912 2619 1054 2682 habenda
1083 2626 1130 2683 est
1152 2621 1233 2683 ratio
1257 2617 1477 2703 diligenter,ss

122 2737 199 2805 quos
221 2716 396 2788 imitemur,
429 2732 564 2796 quornm
587 2708 704 2774 similes
725 2708 857 2774 velimus
880 2731 960 2774 esse.
1007 2713 1152 2777 intuendi
1173 2716 1263 2779 uobis
1285 2721 1357 2778 suut
1377 2735 1442 2779 666

121 2815 221 2876 solum
252 2818 393 2875 oratores
423 2805 480 2871 scd
513 2807 606 2869 etiam
635 2812 775 2880 actores,
813 2824 853 2868 ne
874 2804 956 2869 mala
984 2806 1209 2872 consuetudine
1237 2806 1277 2872 ad
1305 2807 1441 2894 aliquam

122 2905 351 2971 deformitatem
374 2900 621 2987 pravitatemque
642 2897 814 2967 veniamus.
860 2902 932 2965 157.
965 2902 1148 2966 Exercenda
1179 2911 1227 2965 est
1253 2901 1346 2966 etiam
1376 2921 1442 2965 mc·

122 3001 221 3065 moria
243 2995 417 3064 ediscendis
440 2993 479 3059 ad
501 2992 632 3059 verbum
655 2992 913 3079 quamplurimis
936 3002 967 3058 et
988 2997 1102 3061 uostris
1124 2995 1247 3080 scriptis
1270 3005 1301 3061 et
1315 2994 1438 3061 alienis.

121 3099 221 3179 Atque
243 3096 276 3158 in
297 3113 335 3157 ea
356 3087 579 3155 exercitatione
601 3109 665 3153 uon
687 3109 761 3152 sane
784 3087 862 3153 mihi
884 3087 1045 3173 displicet,
1070 3089 1221 3154 adbibere
1235 3089 1262 3154 si
1278 3091 1477 3158 consuerisso

122 3188 213 3253 etiam
233 3189 325 3251 istam
345 3184 487 3251 locorum
509 3182 810 3268 simulacrorumque
833 3186 1007 3260 rationem,
1044 3205 1125 3272 quae
1152 3186 1184 3249 in
1207 3193 1273 3250 arte
1295 3187 1437 3251 traditur.

120 3282 288 3349 Educenda
315 3279 429 3345 deiude
458 3277 555 3343 dictio
578 3286 625 3343 est
648 3298 689 3343 ex
710 3282 767 3343 bae
790 3280 961 3343 domestica
984 3282 1207 3346 exercitatione
1231 3288 1262 3345 et
1283 3278 1441 3345 umbratili

121 3376 258 3443 medium
279 3375 312 3440 in
333 3394 464 3458 agmen,
488 3376 519 3437 in
541 3375 725 3459 pulverem,
748 3371 782 3438 in
804 3373 992 3448 clamorem,
1014 3373 1047 3438 in
1069 3383 1169 3440 castra
1183 3383 1276 3462 atque
1290 3377 1324 3437 in
1340 3375 1439 3440 aciem

120 3469 296 3548 sorensem3
321 3466 501 3532 subeundus
524 3488 599 3531 usus
620 3466 761 3531 omnium
783 3473 814 3531 et
835 3467 1060 3554 periclitandae
1081 3468 1166 3534 vires
1183 3469 1318 3552 ingenii3
1343 3477 1374 3534 et
1387 3469 1441 3533 illa

122 3564 343 3629 commentatio
374 3562 492 3627 inclusa
522 3564 554 3625 in
582 3561 722 3626 ueritatis
752 3561 855 3626 lucem
886 3562 1074 3649 proterenda
1104 3573 1160 3634 est
1204 3565 1476 3649 manegaude

122 3659 212 3724 etiam
233 3667 362 3745 poetae,
393 3657 628 3740 cognoscendae
649 3657 813 3731 historiae,
849 3659 990 3722 omnium
1013 3657 1167 3723 bonarum
1193 3659 1307 3724 artium
1333 3658 1440 3724 docto-

122 3775 171 3817 res
193 3762 287 3839 atque
307 3753 476 3837 scriptores
498 3748 622 3835 legendi
652 3758 683 3814 et
707 3750 928 3836 pervolutandi
952 3759 983 3815 et
1005 3753 1237 3819 exercitationis
1260 3774 1354 3819 causa
1376 3754 1440 3819 lau-

122 3846 233 3923 dandi,
256 3845 499 3931 interpretandi,
524 3845 718 3929 corrigendi,
741 3844 958 3930 Ι6166666661,
989 3845 1168 3926 refellendi3
1202 3846 1440 3932 disputandum·

122 3963 182 4028 que
204 3940 243 4006 de
265 3943 350 4006 omni
371 3961 407 4006 re
429 3939 463 4005 in
484 3941 657 4007 contrarias
678 3946 783 4022 partes
816 3947 864 4015 et,
902 3940 1054 4025 quidquid
1085 3941 1146 4006 erit
1170 3944 1203 4007 in
1229 3963 1354 4028 quaque
1384 3964 1437 4019 re,

190 4154 216 4205 3.
236 4155 347 4204 inettcto
365 4153 398 4204 lt.
419 4179 448 4190 -
468 4154 496 4204 d.
516 4153 691 4204 adhibuerunt
707 4151 747 4205 B.
767 4152 950 4202 sustinuerunt
968 4152 1121 4205 Lambinus.
1143 4179 1172 4190 -
1197 4154 1225 4205 7.
1246 4156 1441 4205 commentatic-

122 4225 215 4286 ssibus,
245 4238 313 4284 quaa
332 4225 396 4275 olim
414 4224 526 4275 blsuutll
546 4223 689 4286 putabatur
706 4224 874 4282 amendatlo,
894 4223 1000 4276 tandem
1025 4227 1051 4273 lu
1075 4224 1184 4286 1616.
1204 4225 1248 4275 83.
1267 4226 1312 4274 70.
1332 4225 1375 4274 73.
1395 4224 1439 4276 86.

122 4295 294 4360 respersas:
323 4294 821 4355 66661666116666661166666116.
842 4306 949 4345 comcs
979 4308 1009 4345 ax
1030 4294 1168 4346 collatione
1188 4294 1227 4352 n.
1258 4296 1442 4346 concitationi-

122 4368 168 4419 bus
188 4368 227 4421 lt.
256 4366 460 4430 capitationibus
486 4366 517 4416 ll.
548 4390 576 4401 -
610 4365 652 4415 18.
677 4365 706 4413 16
724 4364 893 4414 16661611.
913 4390 946 4400 -
977 4366 1019 4416 16.
1037 4367 1180 4428 posuissem
1199 4366 1219 4414 13
1238 4366 1335 4428 alllque
1356 4365 1439 4416 6666.

122 4438 198 4501 prob.
219 4436 383 4500 lleuslugero
404 4444 430 4487 et
449 4451 478 4487 ex
497 4441 570 4498 parte
590 4435 729 4486 Ellendtlo.
751 4460 782 4471 -
803 4435 846 4485 17.
866 4434 964 4484 lisdem
983 4437 1014 4485 n.
1038 4461 1064 4471 ·-
1094 4437 1137 4484 2⁰.
1157 4435 1271 4498 leporum
1290 4436 1373 4486 6666.
1394 4438 1440 4497 sl.,

122 4511 161 4559 ll:
183 4508 291 4571 leporem
310 4508 341 4556 E.
362 4506 410 4570 (Ex
429 4507 449 4556 8
469 4507 534 4556 61611
554 4503 682 4568 notatur.)
702 4530 731 4543 -
752 4504 795 4554 31.
815 4506 895 4557 sts'om
913 4520 966 4557 om.
987 4509 1018 4557 ll.
1040 4532 1068 4543 -
1098 4506 1141 4555 33.
1162 4513 1238 4572 atque
1257 4508 1338 4557 661666
1356 4508 1387 4558 ll.
1410 4534 1441 4545 -

122 4579 166 4628 ³!s.
189 4578 402 4628 crustuminum
421 4578 466 4641 16.
487 4579 513 4626 8.
533 4576 596 4635 86.,
627 4576 1088 4638 61666666166616116611161666.
1109 4576 1187 4634 llll..
1214 4579 1285 4626 visua
1308 4577 1441 4628 bominum

122 4649 239 4711 bladvtg.
268 4649 308 4697 16
327 4654 419 4713 pastos
437 4648 579 4698 omrstssmt
610 4645 830 4698 «Perlelltandusu
850 4655 906 4706 est,
939 4648 1072 4711 quomodo
1091 4661 1183 4698 omnes
1202 4661 1248 4697 nos
1268 4648 1442 4709 pronectant

124 4719 348 4780 reprebendens.»
378 4718 429 4768 06.
460 4742 490 4754 -
522 4716 565 4768 36.
586 4716 1022 4781 6666666666661161661666666.
1047 4719 1100 4768 al:
1133 4719 1312 4781 eopnossersdc
1329 4719 1442 4768 distorta

123 4789 204 4839 111111.
226 4789 289 4844 1616.
310 4786 338 4850 6.
359 4786 431 4850 187.)
447 4814 475 4824 -
496 4789 614 4838 doctores
633 4792 710 4850 atque
722 4790 860 4851 scriptores
872 4787 956 4839 6666.
971 4789 1108 4839 mallotes:
1128 4792 1268 4851 scriptores
1280 4803 1311 4839 oe
1323 4789 1442 4841 doctores

126 4859 205 4909 111611.
231 4885 256 4896 -
277 4859 320 4911 37.
341 4857 444 4926 1666661
463 4858 548 4911 6666.
567 4857 621 4908 st:
640 4861 664 4908 at
682 4855 862 4922 teuerstatt,
881 4864 904 4909 st
919 4859 1070 4926 perteqsudl
1082 4859 1113 4912 8.
1128 4886 1160 4899 -
1179 4859 1222 4913 38.
1243 4872 1396 4929 quacunque
1408 4861 1440 4915 ll.
