3232 5392
655 185 691 254 C.
716 188 768 254 18.
794 189 844 253 19.
868 189 922 254 86.
1387 196 1451 263 687

126 369 256 425 avarus,
280 355 350 426 661,
374 350 450 436 6616
471 347 512 415 616
532 347 693 435 snperbia.
738 351 791 413 66.
826 347 934 415 Tertio
955 354 1061 415 autem
1082 350 1116 413 in
1138 370 1275 435 genere,
1308 352 1342 415 in
1364 374 1449 439 quo,

127 445 219 532 quale
242 443 296 521 sit,
332 444 514 530 quaeritur,
549 452 602 508 aut
624 447 663 509 de
685 447 847 508 honestate
869 446 983 508 66666
1005 443 1137 510 utilitate
1160 453 1213 511 aut
1235 447 1275 509 dc
1297 448 1470 532 acquitate·

127 542 294 607 dicendum
316 550 371 606 est
413 543 461 605 lle
483 537 647 604 honestate
669 541 731 605 sic:
756 546 808 614 nt,
833 540 1047 604 Honestumne
1065 543 1105 605 sit
1125 560 1185 623 pro
1208 540 1307 605 amico
1330 544 1452 626 pericu·

127 637 193 702 lum
221 643 275 700 aut
295 632 444 700 invidiam
466 634 584 698 subire.
631 636 678 699 De
699 631 831 698 utilitate
855 642 959 698 eutem
982 635 1042 698 sic:
1076 643 1130 710 ut,
1156 632 1241 700 Sitne
1263 632 1340 698 utile
1362 637 1395 700 in
1416 656 1452 702 re

126 727 253 815 publica
275 726 518 794 administranda
540 727 671 794 versari.
702 732 750 794 De
772 729 930 814 aequitate
953 747 1029 793 vero
1053 726 1114 793 sic:
1137 735 1186 804 ut,
1209 729 1295 794 Sitne
1317 749 1477 816 66666666

127 826 246 891 amicos
267 824 407 908 cognatis
427 820 593 889 anteferre.
638 825 739 909 Atque
761 823 794 887 in
815 823 877 886 boc
898 825 1011 887 eodem
1034 842 1166 906 genere,
1197 822 1230 889 in
1252 844 1332 910 quo,
1361 824 1454 912 66616

127 921 186 997 611,
223 920 399 1005 quaeritur,
433 915 574 982 exoritur
605 914 691 982 aliud
719 919 878 1001 quoddam
907 914 1087 1000 disputandi
1114 938 1223 1003 genus.
1267 923 1337 985 Non
1369 922 1454 985 enim

127 1012 312 1100 simpliciter
333 1014 435 1078 solum
451 1013 629 1098 quaeritur,
652 1009 728 1097 quid
743 1013 911 1076 honestum
926 1010 982 1088 sit,
1007 1010 1084 1099 quid
1100 1011 1189 1088 utile,
1217 1012 1293 1100 quid
1309 1034 1455 1099 aequum,

128 1111 185 1176 666
207 1130 248 1174 66
269 1110 505 1190 comparatione
527 1104 639 1181 ctiam,
664 1105 738 1192 quid
760 1107 941 1182 honestius,
965 1107 1041 1191 quid
1063 1106 1189 1184 utilius,
1214 1107 1292 1194 quid
1309 1111 1455 1196 aequius,

128 1212 223 1290 atque
247 1201 360 1277 661666,
384 1199 460 1287 6616
480 1200 754 1276 honestissimum,
779 1203 853 1284 quid
876 1198 1096 1278 utilissimum,
1121 1200 1198 1288 qnid
1211 1200 1494 1289 aequissimum;rs
1578 1270 1581 1276 ,

128 1297 219 1364 cuius
246 1297 369 1381 generis
399 1295 451 1360 illa
479 1303 568 1372 sunt,
604 1316 684 1381 6666
710 1297 975 1379 praestantissima
997 1299 1037 1363 sit
1059 1297 1194 1384 dignitas
1215 1298 1308 1365 vilae.
1354 1304 1456 1386 Atque
1550 1335 1553 1340 ,

128 1413 166 1459 66
194 1391 340 1478 quidem,
375 1410 455 1477 6666
484 1390 567 1465 dixi,
602 1389 789 1473 cognitionis
817 1396 890 1455 sunt
910 1389 1027 1456 omnia.
1074 1394 1126 1462 67.
1157 1396 1285 1459 Restant
1307 1395 1451 1460 actionis:

128 1486 218 1555 cuius
240 1485 372 1552 alterum
395 1494 442 1550 est
464 1485 677 1569 praecipiendi
700 1503 818 1568 genus,
842 1487 928 1567 6666
949 1487 989 1550 66
1010 1485 1165 1552 rationem
1187 1485 1283 1552 officii
1303 1488 1455 1571 pertinet,

128 1592 184 1661 ut,
200 1579 466 1671 quemadmodum
481 1577 605 1644 colendi
619 1581 681 1643 sint
693 1587 856 1664 parentes;
879 1580 1013 1645 alterum
1035 1589 1141 1646 autem
1161 1584 1202 1648 ad
1221 1580 1376 1648 sedandos
1390 1583 1457 1649 ani·

129 1699 199 1744 mos
221 1686 252 1744 61
274 1677 417 1743 6666666
438 1675 608 1748 sanandos,
630 1679 665 1736 ut
686 1671 720 1738 iu
741 1674 940 1738 consolandis
962 1675 1175 1751 maeroribus,
1198 1683 1232 1740 ut
1250 1675 1283 1741 in
1297 1677 1493 1744 iracundian

129 1772 363 1859 comprimenda
386 1776 440 1834 aut
459 1768 492 1833 in
514 1768 626 1832 timore
648 1766 828 1833 deliniendo
850 1776 904 1834 aut
926 1770 959 1833 in
981 1769 1150 1856 cupiditate
1172 1769 1353 1836 minuenda.
1397 1772 1455 1837 Cui

129 1866 258 1953 quidem
288 1865 398 1949 generi
430 1863 620 1929 contrarium
649 1872 696 1928 666
725 1860 902 1948 disputandi
932 1885 1030 1948 genus
1057 1863 1096 1930 ad
1118 1864 1245 1930 eosdem
1267 1865 1339 1932 illos
1361 1869 1457 1932 animi

129 1971 249 2037 motus,
280 1963 365 2046 quod
386 1960 419 2023 in
440 1956 657 2044 amplificanda
679 1958 823 2022 oratione
844 1977 939 2042 saepe
961 1957 1138 2025 iaciendum
1160 1968 1224 2035 est,
1250 1963 1301 2026 vel
1323 1963 1457 2047 gignen-

131 2055 187 2123 dos
209 2055 260 2122 vcl
280 2054 492 2120 concitandos.
533 2058 634 2140 Atque
656 2055 734 2116 baec
754 2054 823 2118 6666
846 2062 893 2120 661
915 2056 1040 2139 partitio
1063 2054 1340 2122 consultationum.
1386 2061 1458 2130 xx.

131 2152 182 2215 68.
207 2151 289 2218 611.
311 2147 468 2231 Cognovi,
505 2149 579 2222 sed,
604 2166 684 2243 quae
706 2145 785 2211 ratio
808 2145 879 2211 sit
869 2170 903 2213 ru
923 2147 972 2214 his
996 2149 1175 2215 inveniendi
1198 2157 1229 2214 61
1251 2149 1455 2237 disponendi,
1466 2171 1496 2212 66

130 2244 271 2330 6666166.
316 2243 397 2312 6..Ρ
420 2241 522 2319 Quid,
545 2248 581 2306 tu
602 2231 735 2305 aliamne
757 2261 865 2307 censes
888 2250 920 2308 66
941 2262 1005 2308 non
1027 2246 1180 2320 eandem,
1210 2264 1292 2329 6666
1315 2248 1459 2332 expositu
1501 2262 1509 2278 '

131 2349 197 2416 est,
231 2346 266 2403 ut
294 2358 335 2403 66
364 2337 483 2401 eisdem
511 2334 589 2400 locis
617 2337 657 2398 ad
679 2333 774 2399 tidem
797 2344 828 2400 61
848 2339 888 2401 66
909 2334 1133 2403 inveniendum
1155 2341 1309 2403 ducantur
1330 2342 1458 2405 omnia?

132 2433 313 2500 6611666661
334 2440 438 2499 autem
461 2450 540 2517 6666
556 2437 604 2494 666
620 2430 764 2514 exposita
778 2429 812 2495 in
826 2429 895 2495 aliis
910 2434 1010 2507 ratio,
1034 2437 1145 2498 eadem
1160 2437 1221 2498 huc
1235 2431 1453 2501 transferetur.

215 2527 348 2612 Cognita
376 2527 474 2610 igitur
501 2525 586 2590 omni
617 2521 838 2589 distributione
862 2528 1118 2611 propositorum,
1155 2546 1322 2592 causarum
1343 2548 1459 2611 genera

130 2631 248 2691 restant
271 2618 475 2708 [admodum].
519 2621 570 2685 69.
601 2622 642 2684 Et
668 2640 776 2685 earum
806 2622 932 2706 quidem
960 2621 1062 2686 torma
1084 2621 1201 2708 duplex
1223 2629 1288 2687 est:
1323 2644 1457 2707 quarum
1467 2647 1496 2692 66

72 2753 77 2760 ·
130 2718 230 2785 616666
252 2715 491 2783 delectationem
518 2721 654 2779 sectatur
681 2714 819 2792 aurium;
856 2716 1001 2788 alterius,
1036 2723 1071 2782 61
1100 2714 1256 2791 obtineat,
1291 2715 1406 2803 probet
1426 2727 1459 2786 et

131 2812 244 2880 6166161
272 2814 357 2897 6666
385 2812 464 2894 agit,
499 2808 602 2874 omnis
630 2815 678 2873 est
699 2817 842 2896 suscepta
864 2809 1034 2876 contentio.
1079 2811 1189 2895 ltaque
1210 2812 1290 2875 illud
1310 2814 1457 2894 superius

131 2909 296 2974 exornatio
318 2905 447 2983 dicitur3
486 2906 571 2989 6666
597 2923 669 2968 cum
690 2906 786 2969 latum
808 2923 907 2988 genus
929 2924 999 2968 esse
1020 2912 1125 2990 potest
1145 2925 1284 2990 saneque
1307 2908 1453 2985 varium,

130 3023 227 3070 uuum
250 3024 289 3068 66
312 3021 352 3068 eo
374 3001 568 3085 delegimus,
601 3001 686 3082 6666
715 3000 755 3063 66
784 2997 955 3064 laudandos
983 2997 1084 3064 claros
1107 2997 1194 3064 viros
1216 3002 1403 3087 suscipimus
1426 3009 1458 3067 et

131 3100 170 3164 ad
192 3094 352 3183 improbos
374 3093 606 3181 vituperandos.
652 3094 756 3157 Genus
778 3092 862 3159 enim
883 3092 1004 3158 nullum
1026 3101 1074 3158 666
1095 3097 1264 3170 orationis,
1295 3099 1381 3181 6666
1404 3106 1494 3164 autss

131 3190 260 3259 uberim
281 3194 321 3256 66
343 3193 510 3256 dicendum
532 3195 586 3253 aut
606 3187 712 3253 utilhs
734 3186 912 3253 civitatibus
934 3208 1003 3253 esse
1024 3190 1127 3272 possit
1147 3197 1201 3255 aut
1223 3188 1256 3254 in
1278 3210 1342 3276 quo
1357 3194 1456 3277 magis

132 3296 239 3354 orator
266 3286 300 3353 in
327 3286 506 3369 cognitione
533 3285 684 3349 virtutum
712 3283 926 3367 vitiorumque
959 3290 1110 3349 versetur.
1152 3282 1318 3370 Reliquum
1351 3294 1457 3351 autem

132 3403 231 3468 genus
264 3400 428 3445 causarum
461 3386 514 3442 aut
546 3378 579 3441 in
610 3374 793 3462 provisione
820 3377 939 3462 posteri
967 3377 1120 3462 temporis
1150 3385 1203 3443 aut
1233 3376 1267 3442 iu
1295 3382 1456 3464 praeteriti

131 3475 357 3562 disceptatione
379 3481 537 3548 versatum
561 3490 696 3555 quorum
717 3471 849 3536 alterum
872 3469 1107 3537 deliberationis
1129 3480 1193 3547 est,
1217 3474 1350 3538 alterum
1373 3472 1455 3539 iudi·

131 3571 184 3635 cii.
228 3572 278 3639 70.
310 3572 359 3633 Ex
387 3587 448 3653 666
476 3564 645 3651 partitione
674 3563 734 3629 tria
762 3585 880 3650 genera
907 3587 1071 3632 causarum
1094 3569 1299 3633 exstiterunt:
1336 3588 1492 3645 unum,ss
1536 3574 1543 3593 '

132 3661 217 3750 quod
239 3683 257 3728 a
278 3661 405 3728 meliori
425 3670 514 3746 parte
536 3659 724 3725 laudationis
747 3668 795 3725 est
817 3658 1022 3745 appellatum,
1047 3660 1286 3728 deliberationis
1307 3665 1454 3741 alterum,

202 3874 228 3923 t.
248 3875 294 3938 661
312 3874 347 3922 616
363 3873 487 3934 superbus
505 3873 542 3927 V.
562 3871 647 3936 666116
664 3872 700 3923 616
717 3869 843 3933 superbus
862 3869 894 3919 V.
922 3896 951 3908 -
983 3871 1010 3921 5.
1030 3869 1106 3936 6666]
1126 3875 1215 3921 autem
1232 3871 1289 3923 RV.
1315 3897 1348 3909 -
1375 3873 1402 3922 9.
1422 3885 1457 3925 sa

134 3948 332 4008 comparassem
350 3945 432 3994 ettam
450 3944 516 3994 RV:
538 3945 619 3993 etium
638 3957 670 3992 66
687 3954 770 4005 comp.
791 3941 872 3991 11.-
890 3940 933 3990 ld.
955 3948 1042 3991 cutem
1059 3943 1129 4004 6666
1148 3943 1183 3991 66
1196 3943 1287 3994 Lamb
1304 3942 1453 3994 8661116166.

131 4041 166 4052 ·-
186 4016 228 4066 16.
247 4014 450 4065 661161666696
471 4014 584 4066 tollendo
602 4012 730 4064 16916-
749 4011 792 4062 18.
812 4013 842 4061 s'm
860 4011 1072 4076 amptsficatscms
1085 4018 1108 4062 et
1121 4014 1302 4071 oratsomsll
1321 4015 1351 4063 16
1363 4016 1456 4077 amplc-

133 4087 255 4154 66611666
273 4083 458 4143 6661166669,
478 4085 545 4134 1166.
566 4091 683 4135 retu·
649 4083 746 4133 -.19
765 4081 1029 4147 66116669-90.
1049 4082 1270 4142 66666119
1289 4083 1333 4134 91.
1353 4099 1456 4136 cauom

133 4155 789 4216 9.-66666666666161166691-66666166
809 4152 1456 4218 66616966616666666611μ-9966661666-

133 4228 227 4278 turV.
248 4227 407 4290 transfertur
420 4226 550 4276 svu-
571 4227 615 4276 21.
632 4227 848 4288 propositorum,
868 4235 1010 4272 causarum
1019 4237 1113 4288 genera
1122 4228 1223 4274 6661661
1232 4225 1374 4275 admodum
1384 4226 1454 4277 udo.

134 4299 201 4350 Van.
215 4295 352 4356 116616666,
372 4295 516 4359 (61616666
532 4296 580 4347 bae
592 4296 791 4358 propositarum
804 4302 830 4345 66
841 4309 859 4344 6
871 4294 963 4342 modo·
956 4291 975 4356 ,1
993 4297 1190 4356 proposueram
1209 4297 1332 4356 praebuit
1342 4297 1454 4347 bamba

131 4370 331 4434 propositarum
348 4380 489 4418 causarum
506 4369 580 4419 nobis
597 4379 694 4434 666666
719 4373 743 4416 61
759 4370 904 4428 praccepta
921 4371 1023 4415 restant
1042 4364 1185 4415 admodum
1198 4365 1237 4425 V,
1254 4369 1457 4430 propositarum

133 4439 356 4490 ccmutscss'cuum
375 4440 612 4489 controuersiarum
630 4449 774 4487 causarum
790 4448 888 4500 666666
905 4440 1007 4486 restant
1019 4436 1114 4486 amodo
1127 4435 1167 4498 16,
1184 4438 1382 4499 propcmurum
1394 4452 1455 4488 cart·

134 4511 323 4561 troversiarum
340 4523 483 4559 causarum
501 4522 598 4571 666666
614 4515 756 4569 praccepta
773 4513 873 4558 restant
892 4504 1035 4557 admodum
1054 4506 1093 4562 V,
1110 4508 1312 4569 proposueram
1324 4510 1454 4559 comuste-

132 4582 250 4632 ts‘ouum,
271 4593 413 4630 causarum
429 4593 527 4646 666666
544 4585 645 4630 restam
662 4578 852 4628 admodumll.
891 4577 1046 4628 Vbsrbaro
1058 4579 1154 4628 amodo
1170 4578 1273 4629 6666166
1286 4582 1379 4631 uetusta
1391 4581 1455 4631 sert

135 4659 223 4715 ptores
242 4657 354 4702 utuntur
372 4664 419 4713 pro
437 4665 477 4703 rs.
497 4651 584 4701 adbuc
602 4650 641 4700 661
660 4651 824 4708 etiamnunc,
844 4648 924 4711 16666
938 4649 1041 4712 661666.
1056 4648 1089 4698 ab
1103 4648 1175 4701 116116
1189 4654 1319 4701 tntrusum
1333 4652 1453 4711 rtdetur;

135 4721 199 4781 6111,
218 4727 265 4786 661
274 4725 381 4773 scirent
400 4722 426 4773 ld
446 4723 569 4772 16116666
588 4733 640 4771 non
654 4733 726 4779 6666
746 4720 941 4772 substituerunt
961 4720 1116 4783 admodum,
1132 4704 1207 4783 quod
1220 4733 1269 4771 uos
1287 4721 1452 4780 6661661666,

134 4792 196 4853 6111,
216 4793 364 4848 6611666.
384 4795 552 4844 ommium-
582 4792 626 4842 25.
646 4793 846 4842 66666616.-
878 4789 922 4839 98.
942 4787 1011 4855 cum]
1031 4793 1156 4855 66661666
1175 4791 1288 4844 malebat
1305 4792 1452 4844 1166666166.

135 4862 358 4927 absumentum
373 4863 422 4916 169
442 4863 684 4929 66616616666616
702 4861 854 4926 1166.,661
873 4862 986 4914 66666616
1004 4861 1105 4916 66166.
1124 4862 1192 4916 Vsu.
