3232 5392
567 239 643 304 LlB.
667 237 720 302 lv.
767 236 801 301 C.
826 238 879 302 31.
903 238 955 302 32.
980 237 1032 302 33.
1415 239 1456 303 ’11

126 405 165 467 ab
188 402 334 476 invento,
358 408 392 464 ut
415 402 441 463 si
463 402 532 485 quis
554 420 613 482 pro
635 400 750 462 Libero
773 399 904 472 viuum,
928 418 987 479 pro
1012 397 1125 461 Cerere
1147 396 1271 478 frugem
1294 398 1454 478 appellet;

126 507 180 562 aut
211 499 252 560 ab
285 499 494 561 instrumento
528 495 713 568 dominum,
748 500 784 557 ut
815 495 842 556 si
872 493 940 575 quis
963 493 1151 556 Macedonas
1173 490 1362 573 appellarit,
1395 492 1457 556 boc

126 594 246 656 modo:
282 594 353 654 Non
378 599 442 653 tam
476 590 539 655 cito
571 588 704 652 sarissas
728 589 857 651 Graecia
891 587 1007 668 potitae
1030 594 1120 662 sunt;
1158 592 1212 646 aut
1241 585 1325 648 idem
1350 585 1456 650 Gallos

126 685 306 772 significans
331 687 429 749 dicat:
466 688 531 747 Nec
559 690 623 745 tam
651 682 743 744 facile
766 703 805 744 ex
826 681 916 743 ltalia
938 681 1064 743 materis
1095 679 1302 762 Transalpina
1325 680 1456 761 depulsa

126 789 194 856 est;
231 777 356 854 antid,
386 781 471 864 quod
493 775 547 851 lit,
580 779 620 840 ab
643 797 705 851 eo,
741 777 795 861 qui
818 776 907 851 lacit3
945 781 979 838 ut
1001 775 1027 837 si
1050 775 1141 860 quis,
1177 796 1248 838 cum
1272 773 1356 838 bello
1380 775 1478 838 velits

127 877 295 940 ostendere
317 872 636 959 aliquid-quempiam
657 871 787 945 lenisse,
813 870 910 934 dicat:
948 871 1030 932 lllars
1053 869 1136 931 istud
1167 875 1198 932 te
1219 870 1324 932 lacere
1347 889 1457 933 neces·

127 971 208 1034 sario
232 970 357 1052 coegi&
384 973 439 1030 ant
459 968 507 1040 si,
536 967 621 1050 quod
643 966 735 1038 lacit,
763 966 801 1026 ab
825 983 883 1037 eo,
913 965 998 1047 quod
1019 959 1070 1036 fit,
1093 970 1144 1038 ut,
1169 984 1240 1027 cum
1265 964 1456 1028 desidiosam

128 1073 228 1128 artem
256 1065 415 1136 dicemus,
449 1062 523 1146 quia
550 1061 728 1123 desidiosos
756 1056 852 1134 facit3
888 1065 919 1120 et
944 1057 1043 1138 frigus
1070 1057 1217 1140 pigrum,
1251 1059 1326 1143 quia
1347 1058 1456 1140 pigros

128 1157 233 1225 elficit.
276 1161 404 1230 Abeo,
430 1157 514 1241 quod
538 1155 699 1227 continet,
734 1153 789 1227 id,
817 1154 902 1238 quod
925 1151 1124 1225 continetur,
1155 1152 1216 1214 boc
1239 1154 1335 1215 modo
1358 1154 1456 1217 deno·

127 1252 320 1316 minabitur:
358 1251 459 1313 Armis
481 1250 569 1312 Italia
591 1269 655 1311 non
677 1254 781 1330 potest
802 1248 885 1309 vinci
907 1267 966 1310 nec
991 1247 1122 1311 Graecia
1144 1246 1330 1329 disciplinis.
1376 1249 1455 1309 Nam
1465 1268 1494 1310 ae

127 1348 178 1409 hic
200 1367 260 1428 pro
284 1346 411 1410 Graecis
434 1353 466 1407 et
487 1345 590 1417 ltalis,
615 1364 695 1428 quae
718 1342 897 1415 continent,
921 1342 1082 1404 nominata
1098 1347 1180 1403 sunt.
1226 1343 1273 1404 Ab
1289 1359 1345 1416 ee,
1370 1342 1455 1426 quod

129 1442 322 1514 continetur,
346 1441 390 1514 id,
414 1439 499 1523 quod
516 1439 672 1511 continet,
696 1446 747 1511 ut,
772 1437 797 1499 si
818 1437 887 1520 quis
908 1454 1019 1497 aurum
1042 1441 1095 1496 ant
1116 1441 1279 1517 argentum
1302 1443 1356 1499 aut
1377 1437 1457 1499 ebur

127 1535 291 1608 nominet,
315 1554 386 1599 cum
408 1533 532 1596 divitias
553 1534 630 1596 velit
650 1532 826 1594 nominare.
871 1530 991 1592 Harum
1007 1528 1148 1591 omnium
1163 1530 1455 1594 denominationum

128 1631 227 1712 magis
249 1630 281 1691 in
303 1628 528 1713 praecipiendo
557 1627 668 1690 divisio
698 1647 792 1711 quam
813 1627 845 1688 in
868 1621 1050 1709 quaerendo
1073 1620 1209 1686 difficilis
1231 1623 1369 1687 inventio
1393 1630 1452 1699 est,

129 1725 199 1787 ideo
223 1725 308 1806 quod
330 1723 641 1804 plenaconsuetudo
664 1729 797 1784 estnon
819 1717 914 1783 modo
937 1726 1102 1802 poetarum
1126 1725 1158 1780 et
1187 1725 1367 1793 oratorum,
1399 1721 1455 1784 sed
1466 1738 1492 1780 ee

128 1819 221 1882 etiam
244 1817 418 1902 quotidiani
441 1817 618 1890 sermonis,
642 1815 824 1879 huiusmodi
846 1815 1150 1877 denominationum.

213 1911 360 1976 Circuitio
388 1916 437 1973 est
462 1911 563 1973 oratio
589 1930 658 1973 rem
685 1911 860 1992 simplicem
886 1918 1045 1991 assumpta
1067 1908 1327 1973 circumscribens
1349 1908 1456 1973 elocu-

129 2009 232 2080 tione,
267 2005 329 2067 boc
351 2012 462 2087 pacto:
501 2005 657 2086 Scipionis
679 2005 877 2090 providentia
898 2003 1100 2085 Karthaginis
1122 2023 1200 2085 opes
1221 1999 1326 2085 fregit.
1376 2004 1455 2065 Nam

128 2103 198 2175 bic,
221 2099 282 2162 nisi
305 2097 437 2163 ornandi
460 2101 540 2162 ratio
563 2091 823 2185 quaedam'esset
843 2099 970 2173 habita,
995 2097 1100 2181 Scipio
1124 2098 1228 2180 potuit
1250 2105 1281 2162 et
1295 2098 1453 2182 Karthago

129 2194 315 2276 simpliciter
337 2195 500 2276 appellari.
1464 2216 1494 2258 eo

211 2288 264 2351 tt.
289 2289 507 2371 Transgressio
531 2293 595 2362 est,
619 2305 700 2371 quae
722 2290 894 2351 verborum
912 2289 1077 2372 perturbat
1091 2288 1235 2350 ordinem
1250 2288 1455 2369 perversione

130 2392 181 2449 aut
201 2384 436 2447 transiectione.
482 2383 706 2456 Pervorsione‚
741 2384 808 2445 sio:
845 2384 915 2446 Hoc
942 2383 1034 2446 vobis
1056 2379 1133 2446 deos
1156 2382 1350 2445 immortales
1372 2383 1457 2445 arbi-

130 2489 195 2543 tror
215 2479 340 2543 dedisse
363 2478 478 2559 pietate
501 2496 559 2558 pro
582 2483 697 2540 restra.
743 2477 996 2550 Transiectione‚
1021 2474 1081 2540 boc
1104 2478 1218 2540 modo:
1242 2477 1400 2539 lnstabilis
1422 2475 1456 2539 iu

130 2576 221 2637 istum
256 2573 428 2655 plurimum
461 2568 589 2634 lortuua
621 2572 730 2634 valuit.
790 2573 888 2635 ltem:
923 2573 1040 2635 Omnes
1068 2571 1224 2635 invidiose
1254 2571 1371 2652 eripuit
1398 2571 1456 2635 tibi

130 2666 208 2732 bene
242 2667 369 2729 vivendi
399 2686 489 2727 casus
516 2665 692 2728 facultates.
739 2665 927 2729 Huiusmodi
955 2667 1157 2740 transiectio,
1194 2685 1273 2750 quae
1301 2686 1368 2729 rem
1391 2686 1493 2732 nones

130 2764 232 2827 reddit
254 2763 442 2832 obscuram,
473 2760 605 2821 multum
636 2761 776 2843 proderit
801 2762 841 2822 ad
869 2760 1141 2833 continuationes,
1172 2760 1211 2824 de
1239 2761 1353 2846 quibus
1381 2768 1455 2825 aute

131 2859 246 2921 dictum
270 2863 339 2930 est;
363 2856 394 2916 in
417 2854 531 2938 quibus
554 2861 681 2935 oportet
702 2850 797 2916 verba
820 2855 882 2916 sint
897 2857 936 2917 ad
952 2857 1111 2936 politicum
1127 2857 1282 2940 quendam
1299 2862 1457 2919 exstructa

130 2971 318 3024 numerum,
343 2955 378 3013 ut
399 2946 538 3032 perlecto
561 2955 592 3010 et
613 2949 858 3030 perpolitissime
881 2951 1003 3030 possint
1025 2971 1094 3013 esse
1118 2951 1292 3014 absolutae.

212 3045 362 3110 XXXIII.
399 3043 577 3125 Superlatio
604 3051 650 3105 est
678 3045 778 3105 oratio
807 3064 959 3127 superans
982 3047 1144 3109 veritatem
1167 3047 1297 3109 alicuius
1320 3048 1456 3129 augendi

131 3141 331 3204 minuendive
362 3158 466 3201 causa.
525 3139 611 3200 llaec
643 3139 775 3200 sumitur
807 3140 975 3222 separatim
1017 3147 1070 3202 aut
1102 3161 1172 3203 cum
1206 3141 1455 3222 comparatione.
1468 3164 1496 3206 eo
1588 3175 1591 3182 ·

132 3237 321 3320 separatim.
345 3235 407 3295 sic:
444 3233 565 3310 Quodsi
589 3232 791 3295 concordiam
814 3235 1038 3309 retinebimus,
1063 3233 1187 3318 imperii
1210 3236 1459 3318 magnitudinem

131 3332 205 3394 solis
227 3338 299 3392 ortu
321 3335 415 3410 atque
438 3347 551 3390 occasu
574 3325 751 3389 metiemur.
798 3330 874 3392 Cum
903 3330 1162 3411 comparatione,
1199 3337 1252 3392 aut
1274 3351 1292 3392 a
1315 3331 1460 3394 similitu·

131 3425 202 3487 dine
225 3431 319 3486 nuta
346 3424 536 3507 praestantia
567 3420 750 3504 [superlatio
778 3421 935 3506 sumiturl.
980 3429 1005 3486 Δ
1033 3424 1254 3497 similitudine,
1283 3425 1346 3488 sic:
1384 3425 1461 3489 Cor·

131 3537 206 3603 pore
229 3517 356 3580 niveum
380 3519 565 3591 candorem,
591 3525 719 3600 aspectu
742 3518 869 3598 igneum
885 3519 1033 3581 ardorem
1048 3521 1287 3603 assequebatur.
1331 3524 1462 3605 elprae·

131 3613 259 3685 stantia,
281 3615 342 3675 boc
365 3613 479 3675 modo:
506 3612 600 3675 Cuius
623 3632 679 3675 ore
695 3632 799 3676 sermo
816 3611 909 3676 melle
926 3614 1047 3676 dulcior
1063 3615 1252 3695 profluebat.
1284 3616 1331 3678 Ex
1347 3613 1498 3680 eodemes

132 3713 317 3863 generedest
337 3709 414 3770 boc:
453 3709 570 3771 Tantus
593 3714 659 3770 erat
681 3708 712 3770 in
734 3708 831 3770 armis
853 3706 1026 3793 splendor,
1061 3717 1096 3772 ut
1124 3711 1199 3774 solis
1221 3708 1326 3794 lulgor
1348 3707 1460 3775 obscu-

131 3799 196 3863 rior
216 3800 247 3862 vi
271 3808 388 3869 eretur.

214 3894 387 3958 intellectio
422 3901 488 3970 est,
526 3916 596 3958 oum
625 3915 675 3959 res
703 3901 768 3959 tota
796 3915 893 3980 parva
922 3899 960 3962 de
987 3908 1075 3984 parte
1107 3903 1308 3984 cognoscitur
1335 3910 1388 3967 aut
1415 3906 1454 3969 de

199 4057 223 4107 ὓ,
243 4064 292 4106 out
310 4061 338 4106 tn
356 4060 532 4108 instrumento
551 4060 687 4107 dominum
706 4057 742 4114 P,
763 4064 810 4107 out
828 4062 1000 4112 instrumento
1018 4064 1153 4112 dominnm
1168 4063 1185 4111 F
1200 4073 1226 4114 et
1238 4076 1277 4124 pr.
1293 4065 1332 4120 Α.
1356 4071 1403 4113 out
1421 4067 1463 4113 e'o·

131 4132 302 4178 strumentum
320 4143 369 4191 pro
389 4130 497 4178 domino
515 4130 553 4187 T,
573 4129 649 4177 Letd.
667 4129 687 4177 l.
708 4128 770 4178 Sola.
809 4130 842 4179 Ut
863 4149 925 4192 nos,
952 4146 1018 4183 corr.
1034 4135 1066 4182 Α.
1094 4158 1125 4169 -
1154 4133 1461 4186 ostentamenta.

131 4224 163 4236 -
180 4196 300 4261 muteris]
320 4203 413 4249 mutre‘e
433 4201 467 4258 Ρ,
504 4201 578 4259 ped
600 4208 625 4248 et
644 4207 902 4261 (superseminatum
920 4212 945 4253 et
963 4202 1047 4266 more)
1066 4205 1104 4262 F,
1131 4207 1234 4255 matrix
1252 4205 1289 4259 T.
1322 4217 1464 4256 armatura

131 4270 175 4321 lta
196 4279 222 4321 et
241 4282 308 4319 corr,
325 4273 355 4318 Α.
382 4271 561 4320 Eruendaruot
580 4270 712 4320 Victortue
736 4284 767 4321 ec
785 4273 929 4322 Manutius.
957 4300 989 4310 -
1018 4274 1044 4324 o.
1064 4277 1211 4326 necessario
1230 4277 1354 4338 reserere
1374 4275 1409 4330 B.
1431 4277 1461 4326 L.

130 4341 155 4391 7.
175 4343 198 4389 el
217 4343 263 4406 qut
275 4339 356 4396 rra.
379 4343 433 4391 llrl.
447 4342 541 4390 nurse.
559 4339 656 4391 Ceucb.
673 4341 751 4400 Sub,
770 4344 793 4391 ιι·
811 4345 875 4406 quid
894 4345 933 4401 lt,
953 4347 976 4394 el
993 4348 1050 4408 quie
1069 4347 1125 4396 ΤΕ.
1142 4371 1171 4382 -
1192 4346 1218 4395 8.
1239 4359 1305 4409 quoe
1318 4345 1463 4398 desidiosos

131 4411 204 4462 PFT.
231 4437 262 4446 -
293 4410 318 4460 e.
340 4410 417 4476 efficit
437 4410 586 4462 Paneas:
608 4414 672 4477 fucit
695 4413 725 4461 E.
754 4436 780 4447 -
815 4416 1462 4482 11.nomenatasmuutoe:nemtnaearetee)

132 4483 169 4539 Τ.
195 4487 293 4532 notatu
314 4482 425 4533 PbFllE
445 4492 471 4534 et
489 4484 611 4543 coreb,
640 4491 707 4531 notu
728 4483 812 4544 pes.
842 4513 875 4523 -
899 4487 942 4536 lb.
962 4487 991 4536 td
1009 4491 1078 4552 quod
1098 4491 1212 4537 continet
1232 4501 1283 4536 oro.
1306 4487 1461 4550 Paterna,

133 4560 161 4604 ut
180 4554 312 4615 plertque.
336 4579 361 4589 -
393 4563 442 4604 cut
460 4560 601 4616 arpentum
619 4553 688 4603 Pbll
708 4555 815 4616 stuqoe:
836 4565 860 4607 et
881 4565 1019 4620 arpentum
1039 4559 1104 4607 ΛΠ
1123 4561 1236 4618 alitque,
1264 4557 1304 4606 vet
1322 4569 1465 4622 arpentum

134 4624 163 4674 ll.
186 4650 216 4661 -
237 4626 283 4674 23.
303 4624 401 4675 dedisse
419 4628 516 4675 uirtute
533 4633 621 4673 uestra
642 4625 719 4678 ΡΑΕ.
755 4625 855 4678 dedteee
873 4634 970 4678 uirtute
986 4642 1037 4690 pro
1055 4637 1143 4678 uestra
1165 4629 1208 4678 BT
1227 4635 1253 4676 et
1273 4642 1310 4687 pr.
1334 4630 1371 4689 lt.
1401 4639 1463 4683 leem

134 4695 163 4743 l..
203 4694 237 4744 llt
254 4709 318 4754 nos,
339 4695 420 4745 Pelet.
441 4697 459 4744 i.
482 4696 516 4743 ll.
538 4695 640 4745 Febrtc.
662 4703 688 4744 et
707 4709 772 4745 corr.
787 4696 819 4746 lt.
843 4725 870 4737 -
892 4699 936 4747 ³1.
956 4700 1121 4749 retinebimus
1142 4703 1171 4749 tn
1189 4700 1297 4748 ciuitate
1315 4700 1335 4749 e
1356 4711 1381 4751 et
1394 4717 1462 4755 corr.

134 4765 173 4818 Α.
194 4765 226 4814 Ι..
255 4789 282 4802 -
316 4764 360 4815 33.
383 4767 429 4814 Vr.
451 4766 594 4828 superlatio
613 4768 725 4814 sumitur
748 4770 856 4819 eecluelt
883 4770 964 4828 Ero„
995 4769 1045 4818 del.
1075 4769 1135 4819 Scb.
1181 4771 1286 4820 llebent
1311 4777 1401 4825 nostrl.
1433 4800 1463 4813 -

134 4833 177 4886 35.
200 4837 242 4885 Ee
270 4849 323 4886 om.
347 4836 498 4896 PABFRT,
529 4845 559 4884 ut
584 4838 704 4896 plerique
730 4847 834 4898 praeter
859 4839 952 4890 Dutsb.
978 4848 1004 4890 et
1021 4839 1099 4890 beld·
1118 4840 1171 4903 ll.,
1203 4842 1303 4896 eodem
1327 4846 1356 4896 e'n
1373 4859 1465 4912 persen

135 4905 210 4959 betd.
230 4905 281 4958 lll.
304 4931 333 4946 -
354 4906 396 4959 ³6.
417 4917 453 4962 eet
473 4908 520 4960 boc
538 4906 690 4958 Peneus:
710 4907 757 4959 boe
775 4916 814 4960 eet
830 4910 861 4961 ll.
