3216 5400
162 217 229 286 billi
515 220 569 285 DE
593 218 681 284 ΟΡΤ.
700 219 861 284 sudeus
884 218 1003 284 ORAT.
1050 219 1085 285 G.
1107 220 1140 289 7.

168 380 261 458 Quod
287 378 391 464 igitur
418 388 466 445 est
493 397 603 445 eorum
633 380 667 443 in
688 375 891 444 orationibus
920 399 939 444 e
969 381 1090 445 Gracco
1121 382 1283 448 conversis
1314 382 1496 462 fastidium,

167 473 287 540 nullum
308 494 380 540 cnm
401 473 442 539 sit
462 475 494 538 in
518 472 683 539 nersihnst
1011 484 1015 492 '

251 572 320 637 Vll.
347 573 396 634 19.
421 568 483 634 Sed
503 568 724 655 aggrediamur
743 571 821 643 iam,
844 571 929 656 qnod
950 569 1159 657 suscepimus,
1183 573 1209 637 si
1225 571 1314 658 prius
1334 595 1496 661 exposue-

167 664 284 740 rimus,
309 684 388 748 qnae
410 684 503 730 causa
524 667 557 729 in
579 664 728 730 indicium
750 664 884 730 deducta
905 666 956 728 sit.
1003 665 1081 729 Cum
1103 674 1186 732 esset
1206 667 1259 733 lex
1279 671 1426 747 Athenis,
1439 692 1494 735 -rsrs

44 814 48 823 .
145 772 247 835 sovrs
269 776 393 826 norvnr
416 777 541 825 scrrvu
563 778 731 835 recensa,
754 753 798 825 'vr
814 778 986 835 ovrsovms
1005 778 1137 826 cosona
1159 780 1356 828 nossnsrvn
1377 783 1410 829 ns
1432 786 1497 830 ιιι-

168 872 329 920 orsrnsrv
351 866 577 930 inrisores
598 872 760 921 seriores
781 872 1023 933 nsrrvnrsssn;
1047 858 1190 923 etaltera
1205 857 1267 934 lex,
1289 875 1366 934 sos,
1390 878 1449 934 ovs
1471 883 1495 926 s

167 966 302 1016 sorvno
325 966 556 1026 nonencorvu,
587 966 813 1016 inconstans
835 966 955 1014 nonnas
975 969 1120 1030 oseem
1156 972 1214 1028 ovs
1234 976 1256 1018 s
1277 972 1422 1031 ssuarv,
1457 976 1495 1021 rs

168 1062 312 1111 sensrv:
334 1046 564 1108 Demosthenes
586 1053 711 1109 curator
731 1045 828 1108 muris
850 1042 1026 1111 reficiendis
1047 1045 1107 1111 suit
1128 1067 1246 1131 eosque
1267 1047 1378 1113 refecit
1398 1069 1495 1136 peen-

167 1141 218 1204 nia
240 1159 313 1217 sua,
350 1141 390 1204 de
412 1137 471 1203 boo
492 1140 589 1224 igitur
611 1138 780 1223 Ctesiphon
802 1137 912 1203 scitum
935 1136 1024 1216 iecit,
1058 1140 1152 1206 nullis
1174 1144 1212 1206 ab
1235 1140 1289 1207 illo
1311 1143 1492 1209 rationibus

128 1234 289 1307 ssrslatis,
311 1240 347 1299 ut
368 1254 487 1300 corona
509 1253 604 1298 aurea
627 1236 796 1297 donaretur
817 1253 918 1318 eaque
940 1234 1068 1299 donatio
1089 1233 1180 1301 lieret
1201 1238 1234 1302 in
1256 1239 1398 1311 theatro,
1435 1259 1495 1322 po·

167 1328 243 1416 pulo
265 1330 454 1403 convocato,
488 1327 544 1413 qni
564 1327 652 1393 locus
673 1347 743 1427 npn·
760 1335 808 1392 est
829 1327 987 1393 contionis
1008 1327 1185 1414 legitimae,
1223 1340 1318 1418 atque
1339 1331 1382 1397 ita
1403 1352 1496 1418 prae·

168 1426 340 1499 dicaretur,
377 1443 445 1488 svn
476 1440 597 1488 nonant
627 1439 785 1488 mnnvnrs
818 1440 904 1488 snoo
939 1440 1296 1503 essevonsnrrsnovs‚
1333 1445 1427 1502 ovsu
1461 1446 1494 1493 rs

167 1539 250 1584 snos
272 1537 429 1584 rorvnvrs
450 1536 681 1585 essentessent
703 1535 865 1582 narrans.
911 1521 963 1582 20.
987 1521 1078 1583 Hunc
1094 1519 1191 1605 igitur
1210 1521 1446 1604 Ctesiphontem
1460 1524 1496 1587 in

167 1611 318 1679 iudicium
340 1612 470 1678 adduxit
488 1612 671 1687 Aeschines,
694 1613 779 1697 quod
801 1619 911 1677 contra
932 1612 1017 1697 leges
1039 1615 1230 1697 scripsisset,
1254 1624 1289 1680 ut
1310 1625 1342 1680 et
1363 1615 1496 1681 rationi-

129 1711 227 1774 sshus
249 1729 313 1773 non
336 1707 442 1774 relatis
464 1729 580 1773 corona
602 1711 773 1773 donaretur
793 1715 825 1773 ct
845 1716 880 1771 nt
900 1710 933 1772 in
960 1710 1099 1782 theatro,
1136 1717 1168 1773 et
1196 1713 1279 1796 quod
1309 1713 1349 1775 de
1377 1713 1495 1776 virtute

167 1804 236 1868 eius
257 1810 289 1866 et
309 1800 526 1868 benevolentia
548 1801 627 1868 salsa
649 1804 840 1886 scripsisset,
864 1805 1012 1886 qnoniam
1034 1807 1265 1869 Demosthenes
1286 1825 1345 1870 nec
1367 1807 1416 1869 vir
1437 1804 1497 1870 bo-

167 1918 227 1963 nus
256 1905 339 1962 esset
367 1917 425 1962 noc
452 1899 535 1961 hene
565 1900 696 1961 memtus
723 1894 762 1961 de
784 1895 919 1960 civitate.
966 1897 1064 1961 Causa
1086 1897 1154 1980 ipsa
1177 1895 1328 1963 abhorret
1349 1901 1402 1962 illa
1425 1900 1497 1986 qui·

168 1995 240 2057 dem
263 2013 281 2056 n
301 1989 437 2057 formula
466 1991 698 2056 consuetudinis
727 1999 871 2065 nostrae,
909 1989 966 2055 sed
995 2000 1042 2055 est
1063 2012 1185 2075 magna.
1231 1991 1334 2057 Habet
1355 1997 1440 2058 enim
1462 2002 1496 2059 et

167 2087 272 2172 tagum
301 2085 589 2171 interpretationem
617 2086 690 2150 satis
719 2093 842 2149 acutam
867 2084 900 2149 in
922 2095 1086 2172 utramque
1109 2095 1231 2168 partem
1254 2095 1285 2150 et
1306 2090 1493 2153 meritorum

130 2186 201 2248 sein
223 2201 289 2246 rem
311 2178 466 2266 publicam
488 2180 718 2244 contentionem
741 2200 816 2244 sane
837 2199 976 2264 gravem.
1021 2184 1073 2246 21.
1106 2184 1214 2266 ltaque
1236 2202 1329 2247 causa
1350 2181 1410 2247 suit
1433 2186 1497 2247 Ae-

169 2274 288 2351 schini,
313 2296 384 2338 cum
405 2276 472 2359 ipse
495 2294 512 2337 a
533 2277 744 2339 Demosthene
767 2282 851 2338 esset
870 2273 980 2357 capitis
999 2283 1178 2347 accusatus,
1202 2277 1287 2362 qood
1302 2278 1496 2360 legationem

170 2368 338 2435 ementitus
354 2377 454 2444 esset,
478 2378 513 2432 ut
527 2367 697 2433 ulciscendi
712 2367 831 2434 inimici
847 2388 939 2434 causa
961 2370 1088 2433 nomine
1110 2368 1323 2453 Ctesiphontis
1345 2369 1497 2436 iudicium

167 2466 259 2531 tieret
287 2467 326 2528 de
354 2463 444 2529 saetis
472 2462 616 2548 famaque
649 2464 878 2529 Demosthenis.
924 2466 993 2528 Non
1024 2465 1105 2527 enim
1136 2473 1197 2527 um
1229 2467 1324 2530 multa
1352 2464 1433 2529 dixit
1453 2468 1496 2530 de

168 2560 343 2627 rationibus
371 2579 435 2624 uon
464 2558 587 2634 relatis,
621 2579 714 2645 φιιιιι
745 2558 784 2623 de
814 2580 870 2633 eo,
905 2556 991 2643 quod
1013 2557 1090 2623 civis
1112 2560 1277 2641 improbus
1298 2569 1335 2625 ut
1357 2562 1496 2646 optimus

130 2655 310 2722 “laudatus
333 2662 424 2720 esset
468 2657 520 2718 2¹2.
551 2655 640 2717 Hane
661 2653 789 2718 multam
811 2652 979 2718 Aeschines
1000 2672 1019 2716 a
1041 2652 1241 2739 Ctesiphonte
1274 2654 1387 2737 petivit
1418 2675 1497 2740 qua-

170 2753 313 2815 driennio
335 2758 406 2813 ante
427 2748 563 2833 Philippi
584 2751 763 2814 Macedonis
791 2757 943 2824 mortem;
979 2752 1035 2813 sed
1056 2747 1206 2815 iudicium
1229 2749 1344 2814 iactum
1368 2758 1415 2815 est
1436 2750 1497 2814 ali·

169 2854 246 2932 quot
266 2844 355 2909 annis
376 2852 464 2929 post,
487 2842 666 2908 Alexandro
690 2843 751 2908 iam
775 2842 881 2907 Asiam
903 2836 1048 2919 tenente;
1077 2844 1116 2907 ad
1138 2846 1223 2930 qnod
1245 2842 1397 2909 indicium
1420 2865 1496 2910 eon-

168 2958 279 3004 cursus
301 2937 453 3003 dicituro
475 2948 540 3003 tota
563 2939 691 3003 Graecia
713 2936 812 3003 iactus
834 2959 915 3002 esse.
961 2936 1045 3013 Quid
1068 2939 1151 3002 enim
1174 2946 1237 3002 tam
1260 2948 1315 3003 aut
1329 2938 1496 3005 visendum

169 3043 223 3098 aut
254 3035 445 3098 audiendum
477 3034 554 3108 luit,
592 3053 685 3117 qnam
714 3052 908 3098 summorum
937 3040 1097 3097 oratorum
1127 3033 1159 3096 in
1188 3033 1372 3117 gravissima
1401 3054 1496 3099 cansa

131 3139 310 3193 sonecurnta
333 3135 364 3192 et
384 3126 553 3192 inimicitiis
576 3129 703 3192 incensa
726 3125 905 3217 eontentio?
943 3128 994 3191 23.
1021 3129 1161 3203 Quorum
1185 3148 1246 3210 ego
1268 3127 1426 3193 orationes
1448 3131 1493 3205 si,

168 3232 203 3288 ut
230 3244 341 3309 spero,
377 3222 420 3287 ita
449 3242 654 3307 expressero,
692 3223 861 3286 virtutihus
890 3229 981 3285 utens
1009 3221 1133 3286 illorum
1165 3224 1331 3297 omnihus,
1370 3222 1401 3287 id
1431 3233 1494 3298 est,

168 3319 331 3384 sententiis
354 3325 512 3382 eteorum
535 3314 643 3398 figuris
667 3323 699 3378 et
720 3334 825 3379 rerum
847 3315 975 3389 ordine,
1009 3318 1107 3382 verba
1128 3337 1323 3402 persequens
1346 3327 1492 3395 eatenus,

168 3421 204 3477 ut
218 3434 255 3477 ea
269 3433 332 3477 non
348 3411 538 3477 abhorreant
553 3431 570 3474 a
585 3430 675 3475 more
690 3419 798 3475 nostro
820 3444 861 3457 -
882 3430 962 3496 quae
985 3411 1012 3474 si
1035 3433 1052 3474 e
1069 3411 1194 3476 Graecis
1215 3415 1322 3476 omnia
1343 3433 1495 3478 conversa

169 3528 233 3573 non
256 3515 366 3583 erunt,
391 3516 493 3572 umen
515 3516 550 3570 ut
572 3504 696 3589 generis
719 3505 859 3568 eiusdem
881 3505 944 3569 sint
966 3504 1195 3571 elaboravimus
1208 3542 1266 3583 -,
1285 3507 1346 3572 erit
1373 3508 1493 3593 regula,

130 3604 209 3667 asad
231 3623 324 3687 quam
346 3623 459 3666 eorum
480 3599 653 3684 dirigantur
674 3598 847 3673 orationes,
882 3598 937 3683 qui
959 3602 1058 3664 Attice
1081 3601 1187 3665 volent
1208 3600 1324 3667 dicere.
1370 3605 1431 3667 Sed
1455 3607 1495 3668 de

169 3699 261 3762 nohis
276 3695 359 3761 satis.
402 3697 579 3781 Aliquando
596 3693 680 3758 enim
696 3692 884 3758 Aeschinem
898 3696 1001 3779 ipsum
1017 3696 1124 3760 Latine
1140 3697 1295 3760 dicentem
1318 3696 1493 3763 audiamus.

237 3916 264 3965 7.
284 3928 330 3975 ovs
348 3927 363 3964 ι
383 3926 500 3967 essars,
529 3927 559 3963 ss
581 3925 701 3964 serere:
731 3912 914 3963 Demosthenes
936 3914 1073 3973 Muretus,
1101 3913 1132 3963 P.
1149 3914 1250 3975 Faber,
1281 3915 1493 3967 reuersum:

169 3987 234 4049 puto
251 3987 279 4035 tn
297 3993 390 4035 senoco
402 3984 583 4035 Demosthenes
602 3998 654 4041 ev,
673 3984 727 4033 Ns.
744 4008 775 4019 -
795 3984 821 4034 D.
841 3985 888 4032 itto
906 3996 931 4044 s,
951 3985 993 4034 N:
1014 3997 1043 4033 eo
1061 3999 1086 4044 v,
1105 3986 1162 4047 ipso
1180 3998 1240 4036 cum
1258 3986 1326 4036 Aldo
1346 3991 1495 4051 ceterisque

169 4058 200 4108 ll.
222 4080 252 4091 -
273 4057 316 4106 12.
337 4070 361 4105 n
380 4067 448 4106 enos
469 4069 494 4112 a,
513 4055 549 4104 N:
571 4067 634 4119 erpo
653 4068 705 4103 om.
725 4057 749 4102 is
768 4067 797 4111 ι,
818 4054 916 4113 Aldus,
938 4055 968 4104 s.
983 4079 1010 4091 -
1032 4057 1076 4104 ao.
1096 4058 1277 4118 consessit·
1297 4071 1325 4116 v,
1347 4058 1413 4107 Edd.
1434 4067 1495 4110 ante

170 4127 281 4185 hamb,
308 4139 423 4190 quocum
446 4125 695 4184 homullulus.
725 4149 756 4162 -
788 4123 831 4173 2¹.
852 4139 911 4173 cem
929 4137 959 4175 a:
993 4126 1065 4186 quod
1088 4127 1127 4184 N,
1156 4128 1251 4185 Aldus,
1281 4130 1407 4190 quonium
1434 4143 1496 4179 cnm

170 4198 328 4247 Ascenstsns
348 4197 463 4247 secunda
484 4203 511 4248 st
528 4208 603 4257 seon·
624 4195 654 4243 E.
675 4219 707 4229 -
725 4195 770 4243 25.
789 4197 915 4258 pstiotts
936 4208 966 4245 v:
985 4198 1060 4257 petiit
1080 4197 1100 4247 R
1120 4210 1178 4248 eum
1197 4200 1299 4248 ceteris.
1322 4223 1350 4236 -
1373 4199 1417 4248 28.
1439 4207 1497 4249 tons

170 4272 217 4319 out
236 4281 266 4316 st
296 4275 343 4317 ont
361 4273 415 4317 tom
434 4267 454 4317 Ε
473 4279 531 4317 eom
550 4268 654 4317 ceteris.
685 4289 712 4300 -·
745 4265 788 4314 30.
808 4262 888 4328 etot]
907 4267 1021 4323 oleata,
1051 4266 1227 4331 Hieronymus
1246 4268 1279 4318 sd
1298 4269 1496 4320 Pammachtnm

170 4338 188 4388 Ι.
204 4339 221 4387 Ι.
244 4361 268 4372 -
303 4338 346 4387 33.
366 4339 391 4386 si
410 4335 520 4386 Graccis
539 4338 629 4386 omnin
648 4337 738 4385 omnio
756 4334 816 4397 (stc)
836 4349 960 4386 conuerso
978 4350 1003 4387 a.
1032 4361 1064 4373 -
1097 4337 1141 4388 34.
1161 4337 1355 4390 elaborabimus
1374 4352 1388 4389 a
1407 4355 1437 4397 v,
1458 4341 1496 4402 N,

171 4408 328 4463 Assenstns,
349 4416 378 4457 ot
399 4408 502 4457 solebat
520 4407 690 4458 Gulielmius.
728 4406 762 4456 Ut
780 4418 844 4467 nos,
871 4406 1060 4471 Htsronymus.
1080 4433 1114 4444 —
1142 4407 1186 4460 ³5.
1208 4409 1315 4461 liabent
1331 4410 1418 4461 ootsnt
1435 4423 1451 4460 a
1469 4426 1496 4472 s,

171 4486 200 4528 ut
218 4478 250 4528 tt.
270 4479 372 4537 (nolent
392 4474 496 4542 ceteri.)

687 4667 1000 4692 ·-—·—-—--
