3232 5392
714 1302 880 1318 ——uuu

135 1550 433 1641 praestantissimi
463 1569 607 1642 codices
636 1591 709 1641 euru
737 1574 835 1641 nobis
864 1573 1065 1664 obtigissont
1101 1576 1135 1642 in
1157 1577 1268 1643 Libris
1297 1573 1349 1643 od
1378 1575 1462 1644 He-

138 1689 326 1754 rennium
359 1689 394 1755 et
427 1686 476 1754 de
505 1689 763 1754 Inventione
802 1688 1041 1774 rhetorica,
1084 1692 1118 1755 lu
1149 1708 1189 1756 eo
1223 1689 1461 1758 elaborandum

138 1800 307 1886 duxtmus,
327 1804 365 1867 ut
385 1819 477 1868 novo
499 1802 593 1888 quasi
615 1801 722 1867 forma
743 1820 849 1889 eaque
870 1803 1005 1869 meliore
1028 1822 1124 1890 quarn
1146 1807 1248 1870 antra
1268 1823 1356 1873 nunc
1377 1824 1462 1891 pro-

139 1914 260 1983 dirent.
301 1910 391 1982 Sunt
413 1917 523 1981 autem
545 1916 578 1980 in
600 1915 711 1981 Libris
732 1915 782 1981 ad
803 1916 1056 1984 Herennium
1078 1918 1132 1983 hl:

223 2027 251 2096 P
265 2047 308 2084 =
321 2027 524 2096 Parietensirr
533 2028 574 2094 Bi
579 2027 692 2094 blloth.
706 2027 792 2119 lteg.
804 2049 836 2095 n.
851 2025 970 2097 7714.
985 2022 1134 2113 [Fuerat
1144 2015 1272 2099 Claudii
1286 2023 1462 2114 Puteant.)

138 2139 217 2211 Sec.
237 2140 301 2208 IX.
341 2137 413 2209 seu
441 2161 540 2208 unum
569 2141 697 2226 folium,
729 2143 816 2230 qnod
842 2146 992 2211 eontinet
1020 2146 1165 2231 lnllinm,
1194 2144 1271 2211 inde
1298 2163 1321 2213 a
1348 2146 1463 2213 verbis

140 2257 225 2325 Elei
244 2261 283 2324 in
302 2259 452 2343 rrepntltr
477 2274 584 2342 nsque
605 2256 648 2322 ad
670 2256 775 2324 verba
797 2257 960 2346 daruepr
981 2258 1024 2325 de
1044 2263 1282 2326 lrmrruanoru
1303 2249 1362 2341 (S.
1385 2250 1464 2348 a),

140 2371 364 2438 areeenliore
389 2389 487 2436 manu
509 2370 632 2446 seculi,
653 2372 691 2435 ut
717 2368 867 2451 videtur,
890 2371 1052 2439 undecimi
1076 2373 1236 2456 scriptum
1261 2375 1324 2437 est.
1365 2373 1465 2440 llnne

141 2488 275 2552 nostros
297 2484 331 2549 in
353 2504 434 2551 usus
455 2483 601 2550 lacobus
621 2482 794 2551 Eseherus
815 2483 1025 2565 Turleensis,
1058 2487 1202 2570 optimae
1224 2487 1297 2569 spei
1320 2485 1463 2573 inventu,

143 2602 207 2665 tam
229 2600 386 2666 accurate
408 2597 571 2680 contulit,
592 2595 673 2662 nihil
695 2600 731 2662 ut
753 2596 934 2683 oplandum
956 2598 1054 2663 nobis
1075 2598 1289 2684 relinqueret.

224 2712 260 2780 Α
280 2731 322 2766 ··-·
343 2711 425 2780 cod.
445 2711 714 2800 Bamlrergensis
735 2729 767 2776 n.
788 2707 881 2777 420.
901 2706 980 2778 Sec
1000 2709 1046 2777 X.
1070 2702 1143 2790 (Μ.
1164 2710 1205 2776 V.
1227 2702 1286 2792 3.)

224 2826 319 2893 B=
340 2825 422 2894 cod.
443 2825 704 2916 Bamlrergensis
726 2825 813 2891 oller
834 2843 867 2890 n.
889 2822 979 2891 42³.
1008 2819 1085 2891 Sec.
1112 2822 1212 2890 Xlll.
1244 2816 1316 2905 (Μ.
1339 2823 1380 2889 V.
1403 2815 1462 2907 8.)

140 2941 268 3007 Horum
290 2941 500 3007 collationem
532 2939 722 3023 occepimus
748 2955 770 3003 a
796 2937 950 3023 laeckio,
984 2936 1065 3004 Viro
1088 2939 1272 3005 elarlsslmo
1294 2939 1397 3025 atque
1417 2936 1463 3004 ad

142 3053 288 3121 luvanda
309 3053 506 3122 criticorum
528 3054 663 3138 lneepta
684 3054 907 3137 maximopere
929 3069 1061 3136 semper
1081 3056 1247 3137 prompte.

225 3168 255 3234 1³
276 3186 318 3220 =
339 3163 422 3235 carl.
451 3167 698 3255 Frlsingensis,
738 3183 827 3233 nune
858 3163 1088 3231 Monacensis.
1126 3160 1204 3231 See.
1236 3162 1300 3229 XI.
1353 3163 1464 3230 Huius

142 3281 305 3376 lectiones
327 3281 498 3348 nobiseum
524 3281 708 3347 liberaliter
729 3279 982 3346 communicavit
1005 3277 1043 3344 In
1063 3272 1289 3368 Spengelius,
1310 3277 1364 3345 vir
1391 3295 1465 3345 cunr

143 3396 374 3483 doetlssimus,
395 3399 463 3461 tum
486 3393 747 3460 humanissimus.

224 3509 259 3577 n
280 3528 323 3565 =
344 3503 426 3578 cod.
448 3507 585 3575 'Irossil
607 3502 685 3576 See.
708 3504 805 3596 xn,
828 3507 923 3573 cuius
943 3504 1140 3571 varietatem
1165 3523 1360 3591 possessor,
1380 3502 1467 3572 liud.

145 3624 269 3700 Troes,
294 3623 475 3713 dlligenler
495 3623 657 3688 enotavit.
682 3611 805 3702 (Neue
826 3618 974 3687 Julrrbb.
996 3615 1026 3702 f.
1048 3615 1177 3685 Pouet.
1204 3638 1239 3685 n.
1265 3614 1466 3707 Paedapop.

147 3737 206 3806 IX.
229 3736 411 3826 Supplrm.
433 3733 634 3823 3.1iefrp.
656 3728 748 3800 426.
768 3724 884 3819 seqq.)

227 3852 256 3919 'I
278 3870 319 3905 =
342 3848 423 3918 Cod.
456 3848 667 3931 Tanemois,
713 3849 767 3936 qul
803 3848 1000 3913 asservatur
1042 3846 1076 3912 in
1110 3843 1213 3913 Urbis
1254 3843 1468 3912 biblotheca.

146 3962 223 4037 Sec.
246 3965 328 4034 xil.

232 4081 328 4147 Hune
350 4078 460 4147 denuo
481 4078 623 4147 contulit
644 4076 811 4143 Bniierns.

229 4194 270 4260 In
291 4195 385 4261 libris
405 4196 515 4260 antem
544 4191 593 4258 de
615 4191 873 4257 Inventione
894 4188 1110 4255 rhetorlco
1132 4187 1290 4273 quattuor
1311 4182 1468 4270 fuerunt3

148 4312 237 4394 tres,
259 4328 362 4395 snpra
384 4327 468 4395 quos
489 4306 741 4373 memoravimus
762 4303 808 4386 P,
831 4304 881 4382 n,
903 4301 931 4367 'l'
954 4304 989 4368 et

230 4421 265 4489 A
286 4441 328 4476 =
349 4421 430 4490 cod.
450 4420 764 4509 Angelomontanns
785 4412 863 4484 Sec.
883 4414 979 4496 xli,
1002 4433 1024 4481 a
1044 4414 1182 4480 Baitero
1205 4428 1376 4477 excussus.

231 4536 301 4603 Iam
323 4555 395 4604 cum
418 4535 514 4601 huius
543 4551 644 4600 curae
676 4534 772 4622 leges
803 4534 903 4617 atque
931 4528 1014 4594 fines
1045 4546 1113 4592 nen
1148 4522 1392 4607 concederent,
1429 4527 1468 4591 nt

148 4654 241 4716 totns
261 4653 377 4716 noster
396 4649 580 4735 apparatus
605 4648 741 4714 criticus
766 4647 800 4709 in
820 4662 891 4711 cam
918 4644 1139 4726 reciperetur,
1166 4639 1330 4703 noluimus
1357 4642 1468 4705 lamen

149 4783 222 4832 eum
244 4764 278 4828 ln
299 4763 430 4830 scrtnlis
459 4762 585 4845 latere,
614 4759 675 4826 sed
707 4760 824 4845 parlim
855 4758 888 4822 in
919 4755 1021 4820 futuri
1052 4751 1190 4818 editoris
1216 4771 1325 4841 usum,
1347 4753 1468 4839 partlm

148 4880 270 4967 etlam,
309 4895 353 4945 ne
383 4877 437 4948 eni
466 4874 629 4970 graviore
657 4871 818 4964 quaedam
849 4871 1002 4943 omisisse
1033 4864 1089 4934 vel
1116 4866 1310 4961 neglexisse
1331 4866 1469 4936 videre-
