3232 5392
523 227 598 292 LIB.
622 228 663 291 11.
710 227 747 292 C.
771 227 823 293 15.
847 227 897 293 16.
921 226 972 290 17.
998 225 1049 290 18.
1408 230 1451 294 23

128 385 359 464 necessitudine
389 388 581 473 praescripta
611 394 694 453 sunt.
738 387 862 451 Etenim
893 405 1004 453 omnes
1033 388 1095 450 hae
1118 391 1182 449 tres
1209 392 1314 470 partas
1335 405 1451 472 purga-

127 483 223 546 tionis
241 482 325 544 intcr
349 502 383 545 se
405 479 553 546 finitimae
577 490 664 556 sunt,
686 482 773 545 utin
793 500 903 546 omnes
926 484 1037 546 eadem
1052 479 1119 546 fere
1133 481 1257 566 possint
1274 499 1451 547 accommo-

127 577 207 642 dari.
252 577 330 640 Loci
350 595 531 641 communes
552 577 586 640 in
607 577 657 639 his
679 576 795 641 causis:
820 578 1011 640 accusatoris
1026 583 1136 641 contra
1160 595 1247 651 eum,
1277 575 1347 659 qui,
1380 596 1452 641 cum

127 693 162 735 se
184 688 330 756 peccasse
348 667 551 743 confiteatur,
585 678 691 735 tanmn
715 670 860 735 oratione
878 670 999 734 iudices
1022 671 1222 734 demoretur:
1257 664 1450 743 defensoris,

126 767 167 830 de
182 765 391 836 humanitate,
415 765 651 841 misericordia3
675 762 867 830 voluntatem
887 765 921 828 in
936 765 1084 828 omnibus
1103 765 1199 827 rebus
1220 763 1356 848 spectari
1377 781 1451 829 cou-
1475 775 1488 816 ⁵

126 860 252 934 venire3
283 878 364 943 quae
385 857 529 924 consulto
549 857 631 923 facta
651 879 714 924 non
735 860 811 933 sint,
833 860 866 922 in
889 859 927 922 iis
947 856 1091 924 fraudem
1114 879 1183 923 esse
1203 876 1267 922 non
1286 866 1450 942 oportere.

126 955 551 1038 xv11.25.beprecati0ne
576 961 719 1028 utemur,
750 974 821 1018 cnm
845 952 1017 1018 fatebimur
1041 973 1100 1017 nos
1124 970 1254 1039 pecasse
1284 971 1387 1036 neque
1419 952 1452 1016 id

127 1049 345 1133 imprudenter
368 1056 422 1111 ant
443 1046 574 1113 fortuitu
592 1057 647 1113 ant
666 1049 845 1112 necessario
861 1045 974 1112 iecisse
989 1048 1128 1112 dicemus
1151 1054 1184 1111 et
1203 1054 1308 1111 tamen
1330 1045 1453 1130 ignosci

128 1144 221 1208 nobis
236 1138 477 1225 postulabimus.
522 1144 581 1207 ilic
601 1144 784 1225 ignoscendi
799 1143 882 1207 ratio
895 1143 1058 1227 quaeritur
1072 1160 1116 1206 ex
1135 1143 1174 1204 iis
1198 1139 1291 1213 locis,
1314 1141 1340 1204 si
1361 1138 1452 1225 plura

127 1245 183 1302 ent
205 1237 325 1300 maiora
346 1233 449 1300 officia
470 1256 564 1321 qnam
586 1234 738 1301 maleficia
754 1238 946 1302 videbantur
966 1243 1123 1313 constare;
1147 1237 1255 1322 siqua
1277 1236 1375 1300 virtus
1398 1243 1489 1300 autre

128 1331 276 1396 nobilitas
299 1332 361 1394 erit
380 1332 413 1393 in
436 1349 489 1404 eo,
523 1332 577 1413 qni
602 1329 806 1415 supplicabit;
838 1331 865 1394 si
886 1350 948 1414 que
969 1349 1041 1416 spes
1061 1331 1122 1394 erit
1145 1332 1218 1396 usui
1238 1328 1393 1401 futurum,
1424 1330 1453 1395 si

128 1429 196 1490 sine
210 1423 364 1509 supplicio
379 1424 571 1500 discesserit;
594 1425 620 1488 si
646 1426 713 1509 ipse
735 1422 787 1488 ille
810 1422 942 1509 supplex
963 1432 1145 1488 mansuetas
1163 1431 1196 1488 et
1215 1425 1395 1491 misericors
1419 1424 1452 1488 in

127 1519 335 1605 potestatibus
359 1519 544 1582 ostendetur
562 1516 679 1595 luisse3
716 1519 742 1581 si
769 1537 822 1592 ea,
856 1539 937 1604 qnae
969 1519 1123 1603 peccavit,
1160 1537 1224 1583 non
1251 1520 1326 1583 odio
1347 1539 1452 1603 neque

128 1610 326 1683 crudelitate,
355 1612 411 1674 sed
433 1608 539 1676 officio
560 1621 592 1675 ct
613 1621 701 1677 recto
723 1613 828 1676 studio
850 1620 1026 1677 commotus
1050 1610 1143 1690 iecit3
1177 1613 1204 1676 si
1228 1611 1280 1676 tali
1302 1614 1342 1676 de
1360 1631 1452 1678 causa

127 1706 197 1772 aliis
220 1724 346 1790 quoque
363 1705 504 1788 ignotum
527 1713 589 1785 est;
622 1708 648 1770 si
671 1705 749 1770 nihil
771 1709 811 1771 ab
834 1726 874 1772 eo
896 1705 1029 1791 periculi
1050 1708 1144 1771 nobis
1168 1704 1309 1771 futurum
1331 1707 1489 1772 videbi-rs

128 1811 196 1873 tur,
231 1801 257 1878 si
281 1819 353 1862 eum
376 1801 504 1864 missum
525 1799 711 1878 lecerimns3
746 1802 773 1865 si
800 1799 885 1864 nulla
915 1806 970 1865 ant
998 1820 1016 1863 a
1042 1801 1159 1866 nostris
1189 1798 1310 1865 civibus
1337 1808 1391 1865 ant
1412 1803 1451 1864 ab

127 1895 230 1981 aliqua
262 1895 388 1956 civitate
415 1895 602 1979 vituperatio
631 1916 672 1959 ex
698 1914 736 1959 ea
761 1917 796 1958 re
827 1895 1026 1980 suscipietur.
1072 1897 1125 1959 26.
1148 1895 1225 1959 Loci
1252 1913 1451 1958 communes:

128 1995 168 2056 de
192 1987 400 2062 humanitate,
429 1984 570 2062 fortuna,
599 1989 835 2063 misericordia,
862 2009 970 2053 rerum
991 1990 1245 2054 commutatione.
1291 1989 1349 2051 His
1374 1986 1451 2053 locis

127 2087 273 2151 omnibns
296 2104 337 2147 ex
359 2084 519 2146 contrario
542 2085 710 2155 metonis,
734 2083 788 2168 qui
810 2091 919 2147 contra
941 2081 1039 2158 dicet,
1062 2101 1133 2148 cum
1155 2080 1394 2168 amplificatione
1421 2089 1453 2146 ct

127 2178 362 2245 enumeratione
385 2184 596 2260 pcccatorum.
642 2180 726 2241 Haec
751 2197 844 2240 causa
869 2176 1024 2241 iudicialis
1043 2173 1112 2240 lieri
1133 2196 1197 2241 non
1219 2183 1339 2262 potest,
1362 2183 1398 2240 ut
1418 2177 1489 2242 inco

126 2276 230 2357 primo
254 2270 336 2335 libro
358 2272 572 2347 ostendimus;
595 2273 668 2345 scd,
691 2272 776 2357 quod
798 2277 903 2356 potest
916 2270 965 2335 vel
988 2271 1026 2333 ad
1047 2277 1189 2334 senatum
1213 2270 1263 2335 vel
1281 2271 1320 2333 ad
1348 2271 1453 2335 consi·

127 2368 203 2433 lium
219 2367 342 2438 venire,
365 2383 430 2428 non
453 2365 517 2427 visa
532 2373 581 2428 est
597 2366 841 2450 supersedenda.
888 2366 965 2429 Cum
986 2365 1115 2429 anobis
1140 2366 1260 2430 crimen
1284 2384 1451 2430 removere

126 2463 285 2534 volemus,
307 2467 361 2524 ant
382 2460 414 2520 in
429 2477 497 2522 rem
519 2466 573 2522 aut
587 2461 618 2522 in
640 2460 801 2524 hominem
823 2460 924 2522 nostri
946 2460 1065 2543 peceati
1088 2478 1214 2523 causam
1237 2456 1449 2523 conteremus.

128 2560 162 2622 Si
187 2575 278 2619 causa
297 2555 328 2617 in
353 2554 513 2617 hominem
536 2551 732 2628 conteretur,
762 2554 979 2638 quaerendum
1005 2552 1067 2616 erit
1087 2553 1239 2636 primurn,
1272 2554 1450 2637 potueritne

128 2659 264 2721 tantum,
298 2655 447 2734 qnantum
467 2666 541 2710 reus
561 2649 799 2721 demonstrabit,
827 2647 869 2720 is,
897 2647 931 2709 in
954 2665 1050 2732 quern
1072 2664 1166 2710 causa
1187 2643 1388 2722 conferetur,
1419 2656 1488 2712 etas

127 2765 263 2830 quonam
286 2744 381 2806 modo
403 2749 458 2806 aut
477 2742 609 2806 honeste
632 2750 686 2806 aut
707 2744 774 2806 sine
794 2738 936 2826 periculo
958 2741 1097 2824 potuerit
1118 2737 1291 2818 obsistere;
1329 2743 1357 2805 si
1384 2763 1451 2806 ma·

127 2842 213 2904 xime
241 2840 286 2902 ita
312 2837 370 2912 sit,
408 2858 483 2900 num
513 2856 551 2900 ea
573 2857 608 2900 re
630 2839 761 2901 concedi
783 2856 840 2900 reo
863 2836 1048 2910 conveniat,
1086 2837 1172 2920 qnod
1194 2833 1297 2899 alieno
1320 2836 1451 2902 inductu

126 2933 248 2999 iecerit.
292 2932 413 2997 Deinde
435 2932 466 2995 in
488 2929 732 2996 coniecturalem
753 2933 897 2995 trahetur
918 2930 1164 2995 controversiam
1187 2937 1220 2993 et
1240 2931 1449 3004 edisseretur,

127 3049 201 3092 num
223 3027 367 3090 consulto
389 3024 504 3089 iactum
528 3027 578 3088 sit.
627 3027 659 3089 si
680 3045 775 3089 causa
795 3026 829 3088 in
849 3045 918 3088 rem
932 3025 1088 3110 quandam
1102 3021 1302 3102 conferetur,
1325 3026 1450 3090 ethaeo

127 3124 237 3187 eadem
258 3118 327 3185 sere
348 3127 380 3184 et
402 3120 525 3194 omnia,
548 3140 629 3205 quae
651 3122 691 3184 de
713 3120 943 3184 necessitudine
965 3120 1201 3204 praecepimus,
1225 3121 1488 3185 considerandas

128 3226 229 3282 erunt.

210 3310 323 3376 xvlll.
348 3310 400 3371 br.
446 3308 603 3384 Quoniam
624 3308 699 3371 satis
721 3310 894 3373 ostendisse
916 3310 1079 3383 videmur,
1113 3306 1228 3393 quibus
1251 3316 1451 3394 argumenta-

128 3408 265 3471 tionibus
280 3406 312 3467 in
328 3424 390 3468 nno
412 3423 537 3488 quoque
560 3423 675 3486 genere
699 3423 810 3467 causae
832 3402 986 3468 iudicialis
1008 3404 1053 3467 nti
1074 3405 1275 3478 conveniret,
1299 3405 1449 3489 consequi

129 3504 271 3574 videtur,
304 3505 339 3561 nt
360 3501 546 3573 doceamus,
584 3500 849 3581 quemadmodum
871 3500 954 3582 ipsas
976 3500 1262 3581 argumentationes
1284 3507 1396 3563 ornata
1418 3507 1451 3563 et

128 3594 269 3660 absolute
292 3600 425 3656 tractare
447 3592 615 3675 possimus.
662 3595 736 3655 Nam
760 3590 826 3656 iere
848 3613 912 3655 non
944 3589 1069 3656 difficile
1099 3601 1146 3657 est
1175 3595 1336 3669 invenire,
1374 3595 1487 3679 quidrs

127 3692 167 3753 sit
186 3708 297 3752 causae
319 3688 516 3761 adiument0;
539 3684 755 3749 difficillimum
779 3705 856 3750 vero
879 3692 928 3749 est
948 3687 1110 3751 inventum
1133 3688 1277 3771 expolire
1301 3695 1333 3751 et
1354 3707 1451 3772 expe-

127 3787 191 3848 dite
213 3782 429 3867 pronuntiare.
474 3782 560 3843 Haec
583 3781 666 3842 enim
688 3800 740 3843 res
766 3778 858 3855 iacit,
894 3788 930 3845 ut
955 3801 1059 3865 neque
1087 3781 1222 3856 diutius,
1261 3801 1353 3867 qnam
1376 3781 1450 3846 satis

127 3880 183 3951 sit,
207 3878 239 3940 in
261 3877 380 3939 eisdem
403 3873 480 3937 loeis
503 3894 756 3949 commoremur,
779 3894 883 3959 neque
905 3871 1019 3939 eodem
1040 3873 1212 3938 identidem
1234 3875 1447 3950 revolvamur,

126 3993 229 4058 neque
251 3971 428 4034 inchoatam
451 3969 751 4051 argumentationem
784 3967 1013 4054 relinquamus,
1049 3989 1152 4053 neque
1180 3971 1381 4034 incommode
1410 3971 1449 4033 nd

126 4065 219 4132 aliam
241 4064 389 4150 deinceps
411 4071 613 4126 transeamus.
658 4064 766 4147 ltaque
788 4063 847 4126 hae
868 4065 989 4127 ratione
1011 4071 1043 4127 ct
1064 4065 1124 4148 ipsi
1154 4065 1333 4128 meminisse
1361 4071 1487 4149 pote-so

127 4164 241 4235 rimus,
265 4161 341 4244 quid
362 4177 489 4243 quoquo
514 4154 583 4219 loco
608 4155 798 4231 dixerimus,
823 4164 854 4220 et
869 4159 994 4221 auditor
1015 4177 1086 4220 cnm
1109 4159 1206 4222 totius
1228 4178 1359 4232 causae,
1383 4165 1450 4222 turn

126 4257 219 4319 unius
252 4253 403 4337 cuiusque
432 4249 709 4334 argumentationis
739 4251 992 4316 distributionem
1022 4253 1186 4338 percipere
1215 4261 1248 4316 et
1270 4253 1450 4316 meminisse

126 4350 253 4434 poterit.
295 4350 347 4410 28.
370 4350 455 4429 Ergo
490 4341 719 4408 absolutissima
748 4353 780 4407 et
807 4343 1035 4430 perfectissima
1068 4354 1116 4410 est
1143 4348 1371 4431 argumentatio
1394 4368 1448 4420 ea,

126 4463 206 4529 qnae
228 4443 261 4506 in
282 4443 419 4527 quinque
442 4447 546 4525 partes
569 4447 616 4503 est
632 4435 811 4504 distributa:
834 4441 1101 4526 propositionem,
1123 4443 1295 4517 rationem,
1319 4443 1449 4506 rationis

196 4672 221 4722 1.
240 4671 392 4721 necessitate
410 4668 442 4718 T.
464 4694 493 4705 -
514 4666 541 4718 6.
560 4681 628 4732 quoe
644 4667 773 4718 PAFRT:
793 4674 818 4719 ct
834 4682 904 4735 quoe
922 4670 979 4721 ΑΕ.
995 4693 1026 4706 -
1046 4668 1072 4719 8.
1092 4669 1204 4732 fortuito
1222 4669 1252 4721 P.
1270 4697 1298 4708 -
1319 4673 1362 4723 21.
1382 4673 1449 4725 libro

123 4743 212 4804 primo
230 4741 332 4793 Paua.
352 4739 391 4800 (C.
408 4735 464 4802 tt.)
485 4763 515 4774 -
536 4738 580 4787 22.
597 4739 657 4787 oisc
674 4745 711 4789 est
728 4754 782 4790 aon
794 4739 826 4790 Τ.
840 4765 874 4776 -
892 4741 936 4792 28.
956 4740 1099 4790 disseretur
1111 4741 1178 4792 FRT
1191 4747 1218 4793 ct
1230 4754 1270 4803 pr.
1284 4741 1322 4800 h,
1341 4757 1450 4808 quaere·

126 4819 172 4862 tar
183 4813 213 4862 b.
230 4837 259 4849 -
279 4813 324 4863 tt.
345 4823 446 4874 quoque
464 4808 507 4859 FT
521 4815 547 4859 et
560 4822 600 4870 pr.
615 4807 651 4870 Ρ,
669 4810 700 4859 tn
712 4823 874 4875 unoquoquo
888 4811 908 4859 b
927 4818 954 4864 et
969 4822 1007 4861 rc.
1024 4823 1092 4861 corr·
1107 4811 1144 4872 1²,
1163 4813 1194 4862 Ι..
1210 4837 1241 4849 -·
1260 4810 1305 4864 td.
1320 4820 1356 4863 est
1370 4828 1451 4879 orpu-

125 4885 252 4936 msntntto
261 4883 366 4936 Part:
380 4880 577 4946 argumentatio
588 4884 624 4930 cst
634 4878 689 4941 uu,
701 4893 753 4933 om.
764 4883 960 4948 argumentatio
970 4882 1004 4935 R·
1014 4906 1043 4920 -
1053 4879 1448 4948 sacramentaneus.
