3232 5392
605 237 681 302 LlB.
704 237 745 302 1-1.
791 237 827 303 C·
851 239 902 302 25.
924 238 976 300 26.

208 399 276 462 Ebo
298 407 346 471 tu,
369 399 417 473 dt,
439 398 544 480 quibus
565 407 609 461 est
624 406 757 479 potestas
777 406 875 459 motus
895 401 1037 480 superam
1058 403 1145 479 atque
1166 397 1314 479 insemtm!

206 495 315 556 Pacem
335 496 415 557 inter
435 513 496 557 sese
517 495 696 566 consiliant,
718 493 871 575 conseruat
892 492 1091 554 concordiam.

124 638 200 698 Nam
222 635 264 698 ita
286 655 344 717 pro
368 655 425 699 suo
449 632 517 698 iure
539 636 601 698 hoo
630 631 777 718 exemplo
803 652 895 698 usum
919 633 1147 718 Cresphontem
1170 631 1289 696 Ennius
1311 629 1449 707 induxit,

124 730 211 814 quasi
235 730 296 793 iam
319 730 393 793 satis
416 731 510 794 certis
533 725 705 793 rationibus
728 727 771 791 ita
793 749 862 792 esse
886 725 1139 793 demonstrasset.
1182 729 1233 791 lb.
1259 729 1337 790 Item
1359 728 1452 790 vitio·

123 843 192 886 sum
221 830 284 897 est,
322 827 407 910 quod
441 827 502 888 iam
534 825 623 910 quasi
653 843 725 888 sero
753 830 846 909 atque
875 831 946 887 aeto
975 825 1102 909 negotio
1126 820 1188 886 dici
1210 822 1350 897 videtur,
1389 823 1474 885 hocs

124 920 235 982 modo:
274 921 309 982 ln
336 926 471 983 mentem
501 917 580 983 mihi
608 915 635 985 si
660 917 816 991 venisset,
853 915 1009 994 Quirites,
1045 938 1110 982 non
1137 915 1381 990 commisissem,
1416 923 1453 980 ut

124 1013 207 1075 hune
228 1014 260 1076 in
282 1011 386 1077 locum
408 1033 458 1077 res
481 1012 620 1090 veniret3
644 1034 716 1076 nam
738 1013 800 1076 hoo
821 1020 877 1076 aut
891 1010 952 1076 hoa
967 1010 1130 1090 iecissem
1154 1010 1210 1076 sed
1226 1032 1276 1075 me
1292 1019 1358 1075 tum
1372 1011 1451 1074 haec

125 1108 202 1171 ratio
224 1104 315 1191 sugit.
360 1110 438 1172 Item
461 1105 609 1172 vitiosum
632 1115 696 1180 est,
719 1126 790 1170 oum
813 1107 861 1180 id,
884 1110 968 1191 quod
991 1107 1023 1169 in
1045 1115 1155 1192 aperto
1177 1105 1291 1171 delicto
1313 1105 1451 1191 positum

125 1208 188 1275 est,
212 1208 316 1264 tamen
339 1200 441 1288 aliqua
462 1200 526 1266 lesi
548 1200 664 1284 tegitur
686 1199 885 1275 defensione,
906 1202 970 1264 boa
993 1199 1103 1267 modo:

294 1343 367 1406 Cum
388 1352 415 1406 te
436 1343 607 1424 expetebant
628 1363 744 1417 omnes,
763 1344 976 1424 florentissimo
1460 1351 1488 1390 ¹⁰

292 1441 394 1520 Reqno
416 1439 537 1520 reliqui:
563 1457 643 1500 nune
663 1438 809 1500 desertum
830 1439 867 1500 ab
887 1437 1023 1500 omuibus

292 1534 415 1596 Sammo
431 1533 547 1614 periclo
568 1533 633 1596 sola
652 1542 686 1594 ut
707 1533 864 1595 restituam
880 1550 970 1614 paro.
1049 1615 1051 1619 .

124 1683 239 1750 xxvi.
263 1683 342 1746 ltem
364 1683 513 1747 vitiosum
535 1691 601 1759 est,
625 1682 711 1769 quod
732 1684 764 1747 in
787 1682 879 1747 aliam
901 1689 1038 1766 partem,
1066 1699 1103 1744 ac
1125 1678 1242 1744 dictum
1264 1682 1320 1755 sit,
1348 1687 1453 1766 potest

124 1779 233 1864 accipi.
276 1781 312 1842 ld
342 1786 390 1842 est
418 1778 619 1853 huiusmodi,
654 1785 706 1852 ut,
740 1777 766 1840 si
795 1778 866 1862 quis
888 1783 999 1861 potens
1021 1795 1057 1838 aa
1079 1772 1228 1840 factiosus
1248 1777 1282 1839 in
1304 1778 1451 1841 contione

124 1872 255 1948 dixerit:
280 1871 382 1938 Satius
405 1882 452 1937 est
475 1873 521 1938 uti
541 1870 669 1957 regibus
691 1892 784 1958 quam
800 1870 890 1936 malis
911 1870 1046 1955 legibus.
1089 1874 1168 1934 Nam
1191 1879 1223 1935 et
1244 1873 1306 1935 hoe
1329 1868 1489 1936 umeuiu

125 1965 170 2031 rei
201 1965 361 2053 augendae
393 1987 485 2033 causa
516 1977 621 2050 potest
649 1969 716 2031 sine
747 1964 862 2030 malitia
883 1965 963 2040 dici,
1003 1975 1107 2031 tamea
1129 1974 1259 2052 propter
1280 1965 1452 2051 potentiam

124 2063 209 2136 eius,
247 2060 302 2147 qui
324 2059 416 2134 dicit,
453 2082 517 2125 non
539 2060 654 2126 dieitur
675 2060 742 2125 sine
764 2062 861 2124 atroci
884 2059 1073 2145 suspicione.
1116 2064 1169 2130 ll.
1203 2063 1282 2124 ltem
1304 2059 1453 2124 vitiosum

125 2163 172 2220 est
192 2155 278 2221 salsis
299 2163 353 2221 aut
375 2153 556 2240 vulgaribus
585 2154 819 2221 definitionibus
848 2154 904 2218 uti.
950 2156 1057 2221 Falsae
1087 2164 1159 2221 sunt
1189 2152 1385 2227 huiusmodi,
1418 2161 1454 2216 ut

124 2251 151 2315 si
173 2250 243 2338 quis
264 2249 348 2317 dieat
369 2249 515 2315 iniuriam
539 2271 608 2317 esse
631 2249 763 2325 nullam,
789 2248 849 2315 nisi
871 2271 951 2335 quae
974 2271 1015 2315 ex
1036 2249 1211 2336 pulsatione
1234 2259 1286 2314 aut
1309 2249 1452 2313 convicio

125 2354 257 2411 constet.
302 2345 457 2429 vulgares
479 2355 567 2420 sunt,
592 2365 672 2431 quae
693 2343 793 2409 nihilo
817 2344 920 2409 minus
941 2343 974 2409 in
995 2344 1088 2409 aliam
1110 2365 1177 2409 rem
1200 2341 1360 2408 transferri
1381 2359 1491 2428 pos-2⁰

125 2447 214 2514 sunt,
250 2446 285 2505 ut
306 2443 332 2504 si
355 2443 548 2527 quisdicat:
587 2440 837 2527 Quadruplator,
868 2436 1065 2504 utbreviter
1087 2440 1284 2514 describam,
1313 2434 1454 2522 capitalis

125 2544 190 2610 est;
227 2542 274 2599 est
296 2537 380 2600 enim
403 2533 566 2623 improbus
589 2545 620 2601 et
641 2534 770 2622 pestifer
792 2534 880 2601 civis.
926 2538 1002 2597 Nam
1025 2532 1123 2597 nihilo
1146 2532 1245 2616 magis
1267 2529 1455 2618 quadrupla·

126 2627 202 2693 toris
234 2650 327 2715 quam
359 2628 458 2705 iuris,
496 2651 590 2716 quam
622 2630 726 2694 sicarii
759 2638 813 2694 aut
848 2629 1019 2710 proditoris
1054 2627 1193 2692 attulerit
1226 2624 1451 2691 definitionem.

125 2726 204 2788 ltem
226 2723 374 2790 vitiosum
397 2734 445 2788 est
465 2744 523 2810 pro
544 2732 730 2807 argumento
753 2743 895 2796 sumere,
917 2726 1002 2807 quod
1022 2726 1054 2786 in
1076 2718 1295 2807 disquisitione
1317 2722 1453 2805 positam

126 2825 189 2895 est;
211 2827 246 2882 ut
267 2819 293 2881 si
316 2816 387 2902 quis
409 2839 503 2903 quem
525 2817 601 2882 furti
623 2825 733 2902 arguat
754 2826 786 2881 st
807 2814 889 2881 dicat
910 2838 983 2881 enm
999 2837 1068 2882 esse
1084 2819 1243 2882 bominem
1259 2811 1491 2900 improbarum

125 2934 271 2989 avarum,
292 2912 544 2991 iraudulentum
569 2915 598 2978 ei
622 2913 668 2978 rei
692 2911 905 2978 testimonium
927 2931 1016 2986 esse,
1040 2912 1126 2996 quod
1148 2907 1207 2974 sibi
1231 2907 1350 2973 lurtum
1370 2904 1455 2971 lece·

126 3007 178 3072 rit.
223 3010 302 3072 ltem
323 3009 471 3073 vitiosum
495 3017 541 3073 est
562 3010 809 3074 controversiam
824 3002 1040 3070 controversia
1055 3002 1243 3076 dissolvere,
1266 3004 1328 3066 hoo
1342 2999 1453 3069 modos

126 3104 196 3166 Non
220 3105 383 3178 convenit,
407 3123 571 3178 censores,
593 3101 688 3168 istum
711 3102 801 3167 vobis
823 3098 1002 3166 satisfacere
1025 3120 1066 3164 ox
1088 3120 1143 3174 eo,
1166 3100 1252 3184 quod
1274 3095 1317 3160 ait
1339 3117 1372 3160 se
1390 3114 1455 3159 noa

126 3198 265 3282 potuisse
287 3197 396 3262 adesse
419 3197 479 3274 ita,
511 3207 546 3264 ut
569 3196 688 3262 iuratus
710 3194 823 3261 luerat.
868 3193 968 3273 Quid,
1005 3192 1032 3258 si
1059 3197 1099 3258 ad
1121 3190 1293 3258 exereitum
1315 3210 1379 3256 non
1401 3209 1455 3255 vo·

126 3288 235 3368 nisset,
272 3289 345 3356 idne
369 3289 493 3357 tribuno
516 3289 648 3356 militum
671 3288 807 3354 diceret‘l
833 3331 874 3345 -
911 3290 981 3352 Ηοο
1006 3285 1080 3352 ideo
1109 3285 1255 3352 vitiosum
1278 3295 1343 3361 est,
1379 3283 1494 3371 quiam

126 3404 189 3450 non
220 3385 365 3471 expedita
393 3395 448 3450 aut
474 3385 609 3450 iudicata
639 3405 705 3458 res,
743 3383 800 3450 sed
830 3382 980 3469 impedita
1009 3393 1041 3448 et
1068 3381 1100 3445 in
1122 3380 1217 3446 simili
1237 3378 1454 3447 controversia

126 3479 228 3564 posita
249 3479 385 3566 exempli
408 3478 479 3546 loeo
501 3477 671 3567 profertur.
714 3481 765 3545 42.
788 3482 866 3544 item
888 3476 1035 3542 vitiosum
1058 3482 1120 3550 est,
1153 3497 1224 3542 aum
1247 3475 1297 3549 id,
1327 3475 1455 3561 dequo

127 3593 247 3638 summa
278 3573 495 3640 controversia
528 3582 588 3650 est,
625 3594 737 3660 parum
769 3569 936 3659 expeditur
965 3579 1011 3650 et,
1048 3568 1139 3658 qnasi
1172 3578 1364 3639 transactum
1395 3567 1454 3647 sit,

127 3666 329 3754 relinquitur,
351 3673 413 3735 boc
434 3668 545 3736 modo:

1545 3465 1553 3497 Ι

294 3820 403 3903 Aperte
421 3824 508 3904 fatur
528 3824 634 3896 dictio,
657 3825 686 3886 si
706 3824 866 3905 intellipas.
1464 3826 1491 3867 ³⁵

297 3917 365 3978 Tali
384 3918 454 3980 dari
475 3937 579 3992 arma,
602 3919 718 4000 qualis,
740 3920 793 4000 qui
813 3917 920 4000 pessit,
939 3916 1017 3998 suit,

295 4010 391 4084 Iubet,
408 4012 507 4093 potiri
528 4014 556 4074 si
577 4012 746 4075 studeamus
768 4014 933 4094 Perpam03

299 4104 393 4181 Quem
414 4126 466 4187 eqo
481 4109 626 4188 profiteor
647 4127 707 4170 esse
727 4128 790 4170 me.-
810 4127 856 4170 me
876 4125 1005 4188 aequam
1026 4111 1068 4168 est
1084 4106 1153 4186 frui

294 4201 452 4262 Fraternas
472 4204 568 4264 armis
588 4203 718 4284 mihique
739 4202 959 4279 adiudicarier,

301 4293 349 4356 Vel
369 4296 447 4377 quod
461 4299 651 4380 propinquas
671 4299 717 4361 oel
738 4297 816 4380 qaod
836 4298 945 4359 uirtute
966 4296 1112 4361 aemulus.
1463 4299 1492 4342 ⁴⁰

197 4550 224 4600 2.
243 4564 335 4615 parem
354 4554 423 4602 euim
439 4555 508 4605 inter
526 4553 570 4605 Pb
589 4561 616 4607 et
633 4555 745 4606 sormi.
781 4554 815 4604 Ut
832 4567 891 4611 nos,
911 4554 981 4604 ΒΗΤ
1001 4559 1028 4605 et
1047 4566 1085 4616 pr.
1104 4552 1133 4602 F.
1157 4573 1183 4586 ··
1204 4549 1296 4601 seur.
1319 4575 1349 4588 -
1369 4551 1455 4616 eonse-

128 4624 196 4670 rant
210 4621 361 4677 PABFlth
391 4630 415 4674 et
438 4625 577 4688 conserunt
600 4640 659 4676 earn
682 4627 748 4678 Cod·
772 4625 843 4688 Llps.
863 4626 894 4675 ll.
927 4651 957 4662 -
985 4625 1013 4676 7.
1033 4622 1167 4674 uambae
1190 4621 1293 4672 PAFT:
1320 4635 1384 4671 nam
1406 4627 1455 4675 aar

129 4694 177 4742 lma
198 4693 253 4743 llll.
274 4689 348 4755 (nam
360 4695 408 4745 boe
419 4695 491 4745 baad
502 4697 616 4760 fecissem
628 4695 672 4761 B.)
692 4721 723 4732 -
742 4700 785 4746 ru.
805 4696 935 4758 periclol.
953 4702 980 4748 et
999 4696 1078 4745 Sans
1103 4692 1220 4754 periculo
1238 4692 1407 4743 rsuram.
1420 4717 1453 4730 -

130 4764 173 4813 1³.
193 4761 239 4828 sit]
264 4772 303 4814 ert
321 4766 377 4816 ΔΤ.
398 4763 515 4829 (omps.
533 4765 578 4829 Α.)
603 4794 637 4803 -
666 4767 709 4819 2³.
730 4766 850 4818 attulerit
875 4767 958 4817 AFT:
988 4766 1081 4816 attulit
1104 4762 1205 4813 runs.
1231 4760 1306 4826 (illud
1327 4765 1456 4814 maluerat

129 4831 291 4897 Ernestlus.)
311 4858 342 4871 -
369 4836 667 4899 maurannus:
696 4837 796 4900 Quodn·
814 4839 890 4887 ΠΕ.
920 4862 951 4872 -
978 4835 1021 4886 35.
1041 4836 1159 4898 apertae
1178 4832 1214 4898 (td
1234 4843 1290 4895 est,
1315 4832 1454 4901 Apollinis)

130 4905 164 4958 de
183 4906 302 4959 stemma
320 4910 390 4960 mal.
414 4907 476 4962 Sub.
497 4929 529 4946 ··
548 4910 593 4961 it).
612 4913 711 4962 uirtute
727 4908 763 4966 P,
783 4909 818 4972 L,
838 4908 906 4960 sab:
925 4909 1031 4959 virtutis
1048 4905 1180 4969 ΑΒΜ,
1197 4905 1327 4958 obtutum
1344 4905 1377 4958 Τ.
