3232 5392
205 233 268 298 308
728 231 783 296 DE
806 231 994 297 ORATORE

203 394 330 479 vimque
352 389 531 466 doctrinae,
555 408 620 454 non
640 387 736 455 modo
759 411 823 455 non
844 410 971 476 prome
993 389 1050 456 sed
1070 398 1178 456 contra
1198 411 1250 456 me
1272 399 1321 457 est
1341 393 1467 479 potius;
1489 428 1531 442 -

204 507 268 553 non
297 488 396 561 enim,
431 484 507 571 quid
529 503 604 566 ego,
638 482 695 549 sed
722 483 799 569 quid
827 492 936 549 orator
964 487 1083 570 possit,
1116 487 1259 571 disputo:
1283 521 1326 535 -
1348 495 1444 572 atque
1472 488 1532 552 hos

203 602 328 656 omnes,
362 582 414 665 qui
436 586 519 643 artes
541 576 713 643 rhetoricas
735 586 917 665 exponunt,
949 578 1169 666 perridiculos.
1213 579 1361 647 Scribunt
1383 581 1468 646 enim
1491 583 1530 647 dc

202 674 302 741 litium
331 693 447 756 genere
477 679 509 736 et
536 670 575 737 de
604 671 767 759 principiis
794 682 826 737 et
848 675 887 737 de
908 672 1154 740 narrationibus.
1200 677 1251 740 76.
1274 674 1332 740 llla
1352 677 1402 742 vis
1424 684 1530 741 antem

181 767 402 854 soloquentiae
424 772 509 830 tanta
530 773 594 841 est,
616 773 653 831 ut
672 765 814 832 omnium
835 788 957 842 rerum,
980 769 1147 844 virtutum,
1170 766 1348 837 officiorum
1362 772 1529 854 omnisque

202 873 348 939 naturae,
373 884 453 948 quae
467 880 573 927 mores
586 862 763 937 hominnm,
787 883 867 946 quae
883 863 1023 938 animos,
1050 882 1130 948 quae
1146 861 1242 929 vitam
1259 866 1410 941 continet,
1435 867 1532 949 origi-

203 980 290 1032 nem,
312 960 376 1024 rim
391 958 641 1042 mutationesque
654 965 779 1033 teneat,
804 959 914 1021 eadem
932 976 1046 1031 mores,
1071 956 1166 1039 leges,
1188 958 1259 1022 iura
1274 959 1446 1035 describat,
1461 979 1530 1025 rem

201 1050 358 1138 publicam
374 1058 476 1134 regat,
499 1052 613 1124 omnia,
629 1072 710 1136 qnae
724 1053 765 1117 ad
779 1071 996 1138 quamcunque
1011 1071 1079 1116 rem
1093 1050 1282 1136 pertineant,
1299 1062 1408 1119 ornate
1423 1053 1533 1140 copio-

203 1168 300 1231 seque
315 1146 407 1212 dicat.
452 1148 503 1215 77.
524 1147 561 1208 ln
583 1166 646 1232 quo
667 1165 783 1230 genere
804 1167 862 1211 nos
884 1145 1013 1232 quidem
1036 1166 1198 1210 versamur
1217 1154 1355 1221 mutum,
1378 1155 1529 1233 quantum

164 1259 193 1299 eo
202 1262 382 1325 possumus,
397 1247 547 1325 quantum
561 1240 698 1324 ingenio,
714 1246 865 1326 quantum
880 1240 1033 1305 mediocri
1048 1241 1198 1316 doctrina,
1213 1249 1362 1329 quantum
1373 1264 1433 1306 usu
1446 1241 1531 1306 vale-

202 1356 292 1414 mus;
316 1354 420 1422 neque
434 1342 539 1399 tanmn
559 1333 649 1409 istis,
670 1335 772 1419 quiin
785 1356 849 1400 una
863 1332 1063 1422 philosophia
1080 1334 1170 1422 quasi
1191 1335 1429 1402 tabernaculum
1445 1334 1528 1401 vitae

201 1451 278 1496 snae
292 1432 500 1505 collocarunt,
522 1431 656 1495 multum
672 1449 746 1494 sane
760 1427 794 1493 in
808 1429 1018 1511 disputatione
1034 1431 1245 1494 concedimus.
1279 1432 1431 1494 1111178.
1446 1430 1529 1508 Quid

201 1527 286 1589 enim
307 1545 397 1591 meus
417 1520 579 1588 familiaris
602 1522 636 1592 C.
659 1522 797 1590 Velleius
820 1526 934 1587 atierre
956 1531 1074 1609 potest,
1097 1522 1304 1611 quamobrem
1326 1526 1474 1608 voluptas
1489 1523 1530 1589 sit

200 1639 357 1685 summum
379 1621 515 1694 bonum,
549 1620 636 1711 quod
658 1639 717 1703 ego
740 1639 805 1685 non
827 1618 985 1704 copiosius
1006 1618 1127 1704 possim
1148 1619 1199 1685 vel
1219 1620 1335 1695 tutari,
1370 1620 1397 1683 si
1418 1619 1524 1695 velim,

162 1713 251 1780 ¹⁵vel
271 1715 417 1782 refellere
440 1733 483 1778 cx
503 1711 567 1778 illis
588 1711 683 1786 locis,
712 1732 791 1799 qnos
813 1714 962 1799 exposuit
982 1712 1154 1790 Antonius,
1178 1716 1236 1777 hac
1258 1711 1384 1779 dicendi
1406 1712 1527 1778 exerci-

200 1806 341 1885 tatione,
378 1809 412 1872 in
445 1827 508 1894 qua
539 1804 678 1871 Velleius
708 1809 887 1882 estradis,
923 1828 1004 1874 unus
1035 1807 1168 1894 quisque
1196 1809 1339 1872 nostrum
1360 1811 1527 1872 versatus?

200 1901 284 1979 Quid
305 1910 371 1979 θεῖ,
396 1904 482 1987 quod
503 1909 559 1966 aut
581 1903 652 1970 Sex.
673 1899 840 1987 Pompeius
860 1908 916 1966 aut
937 1903 1001 1966 duo
1022 1899 1111 1965 Balbi
1132 1908 1186 1965 aut
1207 1922 1296 1966 meus
1312 1902 1450 1976 amicus,
1474 1899 1529 1986 qui

200 2017 271 2062 cum
304 1997 452 2061 Panaetio
481 1995 575 2071 vixit,
612 1999 657 2060 M.
685 1994 839 2079 Vigellius
877 1998 917 2060 de
948 1997 1063 2061 virtute
1094 1994 1238 2061 homines
1274 1994 1372 2061 Stoici
1404 1995 1526 2081 possint

200 2090 321 2167 dicere,
346 2112 409 2176 qua
428 2092 461 2155 in
483 2091 693 2177 disputatione
716 2110 775 2174 ego
798 2089 846 2154 his
869 2087 1000 2154 debeam
1022 2097 1078 2154 aut
1101 2092 1240 2155 vestrum
1262 2090 1428 2175 quisquam
1451 2107 1528 2152 con·

161 2184 332 2250 ²0cederei
366 2188 418 2250 79.
444 2187 514 2249 Non
536 2192 584 2249 est
605 2186 689 2249 enim
710 2183 911 2270 philosophia
932 2183 1043 2249 similis
1065 2185 1180 2249 artium
1200 2182 1404 2267 reliquarum.
1449 2186 1527 2247 Nam

199 2278 274 2366 quid
295 2278 388 2344 saciet
408 2278 441 2344 in
463 2281 655 2364 geometria,
680 2281 735 2366 qui
757 2301 821 2345 non
843 2278 1007 2345 didicerit?
1029 2279 1105 2362 quid
1125 2279 1159 2341 in
1180 2277 1329 2342 musicist
1350 2280 1412 2341 hut
1427 2282 1530 2340 taceat

199 2372 361 2456 oportebit
382 2381 436 2439 aut
457 2395 498 2438 ne
519 2396 611 2439 sanus
634 2376 761 2462 quidem
784 2372 951 2438 iudicetur.
995 2375 1082 2437 llaec
1103 2392 1196 2447 vero,
1219 2393 1299 2456 qnae
1321 2378 1394 2436 sunt
1411 2373 1443 2436 in
1458 2372 1529 2457 phi-

197 2465 357 2553 losophia,
386 2468 518 2552 ingeniis
540 2478 695 2536 eruuntur
715 2472 755 2534 ad
777 2470 825 2543 id,
853 2470 939 2556 quod
960 2466 994 2532 in
1015 2488 1142 2553 quoque
1164 2469 1358 2533 verisimile
1380 2475 1442 2543 est,
1472 2464 1529 2531 eli·

198 2559 344 2626 ciendum
373 2562 472 2627 acutis
502 2571 596 2649 atque
624 2561 749 2628 acribus
774 2582 873 2649 eaque
894 2563 1062 2627 exercitata
1083 2562 1226 2626 oratione
1247 2561 1421 2647 poliuntur.
1469 2563 1527 2626 llic

160 2670 188 2711 2⁵
198 2662 307 2720 noster
328 2655 469 2738 vulgaris
491 2668 617 2734 orator,
641 2660 668 2722 si
690 2659 793 2722 minus
815 2655 877 2720 erit
897 2657 1026 2732 doctus,
1058 2664 1196 2720 attamen
1217 2655 1251 2721 in
1273 2657 1409 2722 dicendo
1434 2675 1525 2721 exer·
1553 2654 1554 2658 ’

198 2749 327 2827 citatus,
357 2752 417 2816 hac
437 2752 505 2837 ipsa
527 2750 753 2817 exercitatione
776 2750 933 2817 communi
955 2752 1032 2815 istos
1054 2748 1181 2836 quidem
1206 2747 1353 2836 [nostros]
1377 2754 1527 2818 verbera·

197 2846 245 2909 hit
265 2864 370 2930 neque
393 2866 427 2910 se
449 2844 488 2910 ab
510 2846 549 2910 iis
571 2848 728 2911 contemni
750 2867 787 2910 ac
808 2843 927 2930 despici
949 2845 1040 2909 sinet.
1086 2847 1139 2909 80.
1163 2847 1218 2911 Sin
1240 2847 1352 2932 aliquis
1370 2844 1526 2911 exstiterit

197 2938 384 3026 aliquando,
413 2942 468 3025 qni
497 2941 678 3007 Aristotelio
699 2960 788 3004 more
810 2942 849 3005 dc
872 2940 1018 3003 omnibus
1040 2940 1135 3004 rebus
1156 2939 1192 3005 in
1212 2948 1380 3027 utramque
1401 2947 1524 3024 partem

195 3035 298 3117 possit
320 3035 426 3100 dicere
448 3042 480 3099 et
500 3037 533 3100 in
555 3037 642 3101 omni
663 3055 757 3099 causa
772 3032 849 3099 duas
864 3032 1036 3098 contrarias
1053 3034 1227 3110 orationes,
1253 3037 1428 3120 praeceptis
1442 3033 1524 3100 illius

159 3129 347 3210 ³⁰cognitis,
384 3128 543 3213 explicare
572 3137 626 3195 aut
652 3133 714 3194 hoc
741 3127 900 3193 Arcesilae
931 3130 1025 3194 modo
1049 3136 1080 3192 et
1102 3128 1254 3194 Carneadi
1280 3137 1392 3194 contra
1414 3149 1523 3203 omne,

197 3225 282 3308 quod
303 3225 501 3310 propositum
522 3223 578 3299 sit,
615 3225 761 3300 disserat;
799 3221 916 3309 quique
938 3224 978 3287 ad
1000 3243 1070 3287 eam
1092 3222 1247 3288 rationem
1269 3221 1419 3306 adiungat
1441 3226 1523 3287 hunc

199 3313 413 3401 [rhetoricum]
435 3338 527 3382 usum
552 3314 759 3403 [moremque]
784 3315 1103 3403 exercitationemque
1125 3315 1268 3394 dicendi,
1299 3319 1326 3381 is
1348 3318 1388 3381 sit
1409 3337 1522 3392 verus,

196 3411 223 3474 is
244 3408 416 3496 perlectus,
453 3413 480 3476 is
502 3414 588 3477 solus
609 3418 726 3477 orator.
769 3413 848 3476 Nam
878 3432 981 3496 neque
1009 3411 1076 3476 sinc
1105 3409 1284 3477 forensibus
1312 3409 1420 3476 nervis
1451 3411 1523 3476 satis

196 3501 367 3568 vehemens
389 3513 420 3569 et
441 3505 546 3590 gravis
567 3528 626 3571 nec
648 3508 716 3570 sine
737 3505 890 3572 varietate
913 3507 1074 3571 doctrinae
1095 3509 1169 3571 satis
1189 3505 1305 3593 politus
1334 3514 1365 3571 et
1396 3507 1521 3590 sapiens

159 3612 267 3661 tsesse
290 3606 397 3662 orator
425 3609 541 3682 potest.
586 3604 638 3666 81.
675 3601 782 3678 Quare
816 3601 965 3665 Coracem
991 3602 1085 3665 istum
1113 3609 1252 3667 vestrum
1282 3599 1440 3687 patiamur
1468 3619 1525 3666 nos

198 3689 324 3777 quidem
345 3691 446 3777 pullos
469 3715 543 3758 suos
565 3696 734 3760 excludere
756 3696 790 3759 in
811 3692 900 3768 nido,
930 3695 983 3778 qui
1006 3694 1131 3760 evolent
1152 3694 1337 3760 clamatores
1359 3694 1464 3760 odiosi
1488 3715 1524 3758 ac

197 3784 337 3861 molesti,
360 3785 620 3875 Pamphilumque
641 3787 748 3853 nescio
771 3807 865 3874 quem
886 3790 1023 3854 sinamus
1044 3791 1077 3853 in
1098 3789 1207 3856 insulis
1228 3798 1346 3857 tantam
1362 3810 1432 3856 rem
1447 3797 1526 3854 mm-

198 3898 289 3963 quam
311 3882 448 3965 pueriles
469 3880 597 3946 delicias
619 3882 738 3967 aliquas
759 3883 949 3966 depingere3
992 3904 1114 3969 nosque
1142 3884 1202 3970 ipsi
1231 3889 1290 3950 hac
1318 3894 1381 3950 mm
1411 3885 1524 3968 exigua

196 3973 406 4057 disputatione
427 3977 565 4040 hesterni
588 3982 620 4040 et
646 3975 792 4041 hodierni
813 3977 877 4041 diei
898 3983 999 4041 totum
1020 3980 1155 4045 oratoris
1177 4001 1292 4046 munus
1314 3981 1521 4065 explicemus,

158 4066 367 4132 eedummodo
397 4067 449 4132 illa
476 4089 530 4134 res
557 4077 643 4136 tanta
671 4071 729 4146 sit,
765 4078 802 4135 ut
830 4069 975 4136 omnibus
1007 4072 1268 4160 philosophorum
1298 4073 1406 4150 libris,
1443 4092 1523 4160 quos

265 4248 292 4298 7.
311 4260 410 4297 morem
428 4247 578 4300 Schtttztus.
599 4276 630 4288 -
651 4262 756 4313 remque
772 4251 804 4301 Β.
826 4274 857 4287 -
876 4250 903 4301 8.
923 4251 1029 4309 omnio,
1049 4266 1117 4316 quoe
1133 4253 1171 4305 od
1189 4255 1274 4307 Codd.
1295 4256 1351 4306 att
1373 4255 1522 4319 omniaque,

196 4315 234 4366 od
252 4317 315 4381 (tet)
344 4319 399 4368 lili.
429 4343 457 4354 -
487 4321 530 4370 10.
550 4319 686 4372 aoteomue
704 4322 735 4370 8.
766 4345 798 4357 -
826 4319 870 4371 18.
896 4320 988 4372 Gallus
1013 4321 1052 4385 (td
1072 4331 1125 4375 eet:
1153 4323 1246 4390 Getae)
1268 4325 1378 4377 Velleius
1405 4326 1461 4375 BR.
1488 4349 1523 4359 -

195 4389 240 4438 15.
259 4385 387 4454 refellere]
408 4389 507 4451 referre
524 4392 555 4440 B.
587 4416 617 4426 -
647 4391 690 4442 18.
717 4391 756 4442 Μ.
775 4392 901 4455 lupettius
919 4390 952 4440 B.
984 4418 1012 4430 -
1041 4395 1156 4446 homines
1175 4398 1315 4449 Manutius
1335 4402 1362 4449 et
1380 4397 1521 4448 Petreius:

195 4459 328 4508 hominum
345 4472 404 4510 eum
424 4461 496 4512 librte
516 4458 607 4524 (ettam
626 4463 659 4518 B)
688 4461 744 4511 liE.
773 4487 803 4498 -
835 4461 1067 4524 1111181011,
1095 4468 1165 4517 Hinc
1186 4470 1227 4519 hic
1253 4467 1386 4525 l’earctus.
1415 4493 1450 4504 -
1476 4466 1521 4516 26.

194 4537 298 4579 nostroe
316 4532 423 4582 seclusit
442 4533 598 4594 Erncettns,
628 4532 724 4584 delerit
743 4538 802 4593 poet
819 4533 972 4585 Schtttztum
992 4534 1024 4584 Τ.
1053 4561 1085 4573 -
1116 4538 1268 4590 2711111.
1296 4567 1325 4578 -
1358 4553 1390 4589 oc
1413 4533 1521 4601 despici]

194 4601 340 4664 despicique
358 4602 412 4652 BR.
451 4603 579 4664 Suspecta
598 4602 663 4654 haec
682 4601 824 4653 Ellendtto.
846 4630 874 4641 -
896 4604 941 4654 28.
960 4603 1130 4657 Aristotelian
1148 4607 1181 4659 B.
1202 4637 1230 4648 -
1258 4614 1523 4673 utramquepartem

193 4668 215 4717 B
235 4669 352 4731 alttque:
373 4680 511 4738 utromque
526 4680 633 4736 portem
648 4677 803 4724 teretenttcm
821 4673 861 4731 li,
880 4679 1020 4740 utramque
1039 4679 1192 4730 seutentiam
1210 4681 1242 4732 Ε.
1262 4706 1291 4718 -
1322 4680 1366 4732 30.
1388 4680 1522 4731 Comendi

192 4739 257 4789 liti:
279 4742 422 4794 Commodis
440 4745 472 4794 11.
494 4768 524 4781 -
552 4745 596 4795 31.
615 4747 744 4795 rationem
762 4746 1026 4809 exercitationemque
1044 4755 1147 4800 retento
1166 4765 1224 4804 mox
1244 4750 1326 4804 altero
1345 4766 1370 4805 a·
1392 4753 1521 4802 exercito·

192 4811 341 4874 uocemque
357 4813 417 4889 BR.
436 4840 463 4850 -
485 4815 529 4865 31.
548 4815 708 4868 rhetoricum
726 4814 880 4868 seclusimus
898 4816 1032 4883 Medrtgto
1051 4825 1171 4873 auctore.
1192 4848 1222 4860 -
1242 4834 1392 4889 moremque
1409 4821 1520 4877 sectan-

193 4893 252 4933 mue
270 4881 405 4948 lladttpto
424 4891 543 4938 auctore.
