3232 5392
580 238 1022 307 umncmmu.
1311 210 1314 218 ⁴
1421 240 1463 311 n

135 397 291 467 habenda.
336 400 421 484 Ergo
443 398 634 485 amplissima
656 410 704 466 est
725 402 954 485 argumentatio
977 401 1247 486 quinquepartita3
1276 398 1462 468 brevissima

136 507 184 561 est
216 497 388 582 tripartita;
426 494 613 573 mediocris,
647 493 767 563 sublata
806 503 859 562 aut
895 497 1102 563 exornatione
1135 504 1189 562 aut
1224 495 1461 581 complexione,

135 589 372 678 quadripartita.

221 688 293 751 XX.
322 687 375 750 at.
419 686 491 749 Duo
522 705 638 768 genera
667 694 740 751 sunt
773 684 956 752 vitiosarum
988 689 1311 771 argumentationum:
1344 707 1460 765 unum,

136 780 221 868 quod
235 778 275 847 ab
289 779 468 846 adversario
484 779 672 864 reprehendi
686 788 805 867 potest:
828 783 922 868 idque
944 782 1081 866 pertinet
1095 780 1134 846 ad
1153 802 1294 847 causam:
1317 781 1484 858 alterumn

135 880 222 963 quod
241 876 363 941 tamesi
384 877 584 958 nugatorium
604 884 667 951 est,
699 884 803 940 umen
829 897 893 940 non
919 876 1039 960 indiget
1064 879 1324 961 reprehensione.
1372 879 1461 956 Quae

133 974 212 1044 sint,
235 992 315 1058 quae
337 970 585 1055 reprehensione
606 968 759 1035 confutari
778 973 958 1045 conveniat,
981 993 1062 1058 quae
1079 974 1170 1036 tacite
1191 975 1349 1036 contemni
1365 981 1459 1059 atque

133 1069 226 1132 vitari
246 1068 312 1131 sine
339 1063 604 1151 reprehensione,
641 1067 701 1130 nisi
730 1066 873 1153 exempla
900 1065 1081 1139 subiecero,
1116 1067 1291 1148 intelligere
1322 1066 1459 1133 dilucide

133 1183 198 1225 non
220 1161 350 1246 poteris.
395 1161 481 1223 Haec
499 1159 638 1242 cognitio
664 1161 847 1226 vitiosorum
864 1163 1171 1245 argumentationum
1192 1160 1350 1247 duplicem
1375 1161 1460 1226 utili-

134 1266 228 1321 tatem
251 1253 373 1319 afferet.
417 1257 493 1317 Nam
516 1262 547 1318 et
567 1256 664 1319 vitare
686 1257 718 1318 in
740 1259 1010 1340 argumentatione
1033 1257 1143 1322 vitium
1161 1254 1342 1322 admonebit
1364 1264 1405 1338 et·
1420 1254 1460 1322 ab
1470 1273 1497 1314 10

132 1349 200 1415 aliis
223 1368 287 1414 non
308 1351 439 1414 vitatum
454 1349 619 1413 commode
638 1348 872 1435 reprehendere
888 1348 1025 1415 docebit.
1072 1351 1229 1426 Quoniam
1244 1352 1339 1435 igitur
1354 1360 1461 1416 osten-

133 1446 236 1509 dimus
261 1441 433 1529 perfectam
459 1450 491 1506 et
511 1443 636 1528 plenam
661 1446 961 1527 argumentationem
991 1465 1031 1508 ex
1054 1447 1191 1530 quinque
1219 1449 1360 1531 partibus
1385 1469 1462 1512 con·

132 1548 229 1611 stare,
252 1539 285 1600 in
304 1557 366 1601 una
388 1558 512 1623 quaque
534 1545 622 1622 parte
645 1541 923 1622 argumentationis
938 1559 1018 1624 quae
1041 1541 1116 1602 vitia
1135 1539 1260 1605 vitanda
1282 1540 1361 1618 sint,
1385 1563 1467 1606 con··⁴

131 1633 323 1706 sideramus,
346 1639 381 1696 ut
402 1641 433 1694 et
452 1632 512 1716 ipsi
534 1630 573 1696 ab
592 1634 641 1696 his
660 1636 743 1698 vitiis
771 1636 918 1698 recedere
935 1640 967 1697 et
991 1631 1243 1698 adversariorum
1263 1643 1462 1718 argumenta-

132 1729 236 1789 tiones
258 1726 317 1788 hac
334 1724 558 1811 praeceptione
578 1727 610 1791 in
637 1726 782 1791 omnibus
807 1730 947 1814 partibus
977 1737 1097 1792 tentare
1125 1734 1157 1792 et
1182 1727 1220 1793 ab
1247 1729 1350 1817 aliqua
1370 1740 1459 1817 parte
1470 1744 1498 1784 ¹⁵

132 1821 323 1884 labefactare
345 1821 513 1905 possimus.
558 1823 610 1885 32.
633 1821 797 1907 Expositio
829 1824 943 1887 vitiosa
972 1832 1034 1897 est,
1071 1843 1142 1885 cum
1173 1826 1213 1887 ab
1240 1826 1345 1910 aliqua
1366 1833 1461 1889 aula

132 1918 253 1979 maiore
274 1921 362 1999 parte
384 1915 424 1977 ad
446 1935 557 1979 omnes
579 1916 739 1980 confertur
761 1919 810 1992 id,
845 1921 931 2003 quod
953 1939 1017 1981 non
1038 1920 1218 1981 necessario
1243 1928 1291 1984 est
1312 1921 1460 1983 omnibus

132 2013 334 2084 attributum
368 2016 405 2070 ut
425 2009 451 2070 si
475 2011 545 2094 quis
567 2011 628 2073 hoc
650 2013 746 2075 modo
770 2022 923 2097 exponat:
962 2014 1099 2088 Omnes,
1133 2015 1186 2099 qui
1215 2016 1247 2079 in
1276 2022 1459 2100 paupertate

131 2113 223 2180 sunt,
260 2104 380 2166 malunt
410 2104 566 2166 maleficio
594 2124 706 2188 parare
734 2108 857 2171 divitias
880 2127 975 2192 quam
997 2107 1102 2170 officio
1125 2116 1341 2193 paupertatem
1364 2109 1457 2172 tueri.

133 2205 164 2265 Si
187 2202 256 2286 quis
278 2200 340 2262 hcc
363 2202 457 2263 modo
480 2203 662 2284 exposuerit
683 2203 1006 2285 argumentationem,
1037 2209 1071 2264 ut
1094 2222 1159 2265 non
1182 2210 1270 2266 curet
1292 2224 1457 2289 quaerere,
1469 2215 1497 2255 ²⁰

131 2298 232 2384 qualis
253 2296 332 2358 ratio
356 2302 408 2357 aut
429 2295 560 2358 rationis
583 2294 778 2361 confirmatio
801 2298 858 2372 sit,
883 2298 982 2380 ipsam
997 2296 1089 2359 facile
1112 2298 1382 2381 reprehendamus
1405 2319 1460 2362 ex·

131 2393 338 2478 positionem,
362 2410 433 2451 cum
456 2390 676 2465 ostendemus,
708 2393 759 2464 id,
788 2393 873 2476 quod
895 2392 926 2453 in
947 2391 1052 2476 aliquo
1075 2410 1213 2477 paupere
1237 2393 1383 2478 improbo
1406 2394 1457 2467 sit,

130 2488 162 2549 in
186 2506 296 2549 omnes
317 2501 471 2568 pauperes
493 2479 572 2546 falso
596 2493 628 2547 et
648 2485 763 2548 iniuria
785 2485 933 2548 conferri.
979 2487 1031 2548 33.
1065 2487 1144 2549 Item
1165 2488 1278 2551 vitiosa
1301 2488 1457 2572 expositio

131 2588 196 2654 est,
231 2600 303 2643 cum
326 2579 376 2653 id,
411 2579 497 2662 quod
517 2598 589 2641 raro
611 2576 662 2653 frt,
695 2577 764 2643 fieri
786 2580 915 2642 omnino
938 2587 1087 2663 negatur,
1118 2582 1180 2643 hoc
1201 2583 1317 2645 modo:
1357 2583 1456 2644 Nemo

130 2681 233 2759 potest
260 2692 323 2736 uno
353 2679 480 2756 aspectu
510 2692 613 2757 neque
644 2675 837 2759 praeteriens
866 2674 900 2736 in
921 2694 1063 2736 amorem
1085 2674 1236 2739 incidere.
1283 2677 1362 2738 Nam
1386 2687 1494 2738 cum2⁵

130 2787 289 2832 nonnemo
313 2766 475 2830 devenerit
496 2765 529 2828 in
551 2784 692 2830 amorem
714 2788 777 2830 uno
793 2775 938 2852 aspectu,
961 2775 993 2831 et
1016 2789 1087 2831 cum
1110 2770 1162 2833 ille
1185 2771 1344 2834 neminem
1369 2771 1458 2833 dixe·

129 2865 171 2927 rit
193 2861 340 2934 omnino,
363 2860 442 2922 nihil
464 2860 563 2922 refert
584 2880 655 2923 raro
677 2862 708 2924 id
731 2858 815 2937 fieri,
839 2863 1010 2925 dummodo
1026 2864 1195 2947 aliquando
1211 2861 1280 2927 fieri
1295 2872 1349 2927 aut
1364 2884 1457 2950 posse

128 2955 197 3021 fieri
219 2956 421 3037 intelligatur.
466 2954 553 3017 xxi.
578 2956 656 3017 Item
679 2956 791 3018 vitiosa
807 2956 963 3041 expositio
980 2963 1044 3030 est,
1070 2977 1141 3019 cum
1157 2977 1267 3021 omnes
1282 2979 1334 3021 res
1351 2966 1458 3022 osten·

130 3053 233 3115 dimus
260 3069 319 3111 nos
350 3049 516 3131 collegisse
543 3056 574 3111 et
595 3050 732 3135 aliquam
754 3072 823 3113 rem
846 3051 992 3112 idoneam
1015 3052 1240 3134 praeterimus,
1264 3053 1326 3115 hoc
1342 3053 1454 3115 modo:

130 3145 287 3222 Quoniam
309 3144 403 3226 igitur
425 3144 586 3206 hominem
608 3144 747 3206 occisum
769 3151 892 3206 constat
913 3164 999 3218 esse,
1031 3165 1161 3208 necesse
1184 3153 1231 3208 est
1253 3153 1308 3209 aut
1327 3167 1345 3209 a
1366 3157 1496 3230 prae-³⁰

129 3240 266 3303 donibus
298 3245 353 3300 aut
381 3240 421 3300 ab
451 3237 585 3299 inimicis
619 3238 758 3300 occisum
781 3259 850 3301 esse
872 3244 926 3300 aut
947 3240 1004 3300 abs
1025 3245 1075 3312 te,
1113 3259 1206 3322 quem
1229 3240 1282 3303 ille
1305 3242 1457 3304 heredem

129 3337 316 3397 testamento
339 3353 379 3394 ex
401 3339 489 3416 parte
510 3326 656 3393 faciebat.
702 3333 881 3395 Praedones
903 3333 935 3393 in
954 3332 1009 3393 illo
1026 3332 1097 3394 loco
1112 3333 1170 3394 visi
1185 3354 1344 3419 nunquam
1365 3341 1456 3412 sunt3

128 3427 291 3490 inimicum
314 3425 435 3488 nullum
457 3426 607 3496 habebat.
653 3426 868 3510 Relinquitur,
906 3426 932 3488 si
954 3444 1057 3510 neque
1079 3446 1096 3490 a
1119 3428 1333 3511 praedonibus
1354 3449 1457 3514 neque

128 3524 167 3584 ab
190 3520 326 3583 inimicis
348 3520 471 3583 occisus
494 3527 558 3594 est,
583 3521 731 3604 quoniam
754 3520 844 3582 alteri
867 3540 931 3583 non
955 3529 1059 3596 erant,
1083 3523 1200 3585 alteros
1223 3542 1287 3585 non
1305 3525 1455 3598 habebat,

128 3623 162 3678 ut
183 3617 240 3678 abs
262 3622 293 3678 te
316 3615 356 3677 sit
376 3614 593 3698 interemptus.
639 3616 717 3676 Nam
739 3615 772 3677 in
794 3616 1011 3679 huiuscemodi
1035 3617 1250 3701 expositione,
1285 3619 1493 3702 reprehen·³⁵

128 3711 217 3773 sione
238 3716 380 3779 utemur,
411 3709 437 3770 si
459 3727 539 3792 quos
561 3715 743 3793 praeterea,
778 3728 870 3793 quam
893 3709 946 3771 ille
969 3710 1099 3785 dixerit,
1134 3711 1274 3796 potuisse
1296 3713 1456 3796 suscipere

128 3801 316 3867 maleficium
346 3803 593 3877 ostenderimus3
632 3803 718 3865 velut
745 3802 777 3862 in
806 3802 867 3863 hoc
896 3805 1060 3887 exemplo,
1097 3826 1167 3866 cum
1190 3805 1305 3867 dixerit
1326 3826 1456 3868 necesse

128 3918 197 3960 esse
220 3904 273 3960 aut
295 3915 312 3958 a
333 3897 545 3981 praedonibus
565 3903 619 3958 aut
639 3897 679 3958 ab
702 3896 836 3958 inimicis
858 3905 911 3959 aut
932 3918 951 3959 a
972 3899 1064 3959 nobis
1087 3900 1225 3962 occisum
1248 3919 1336 3973 esse,
1370 3899 1456 3961 dice·

127 4013 197 4054 mus
226 3991 366 4076 potuisse
395 3992 446 4054 vel
473 4011 490 4054 a
513 3992 631 4054 familia
653 3991 703 4053 vel
726 4010 744 4053 a
767 3992 977 4053 coheredibus
998 3992 1125 4054 nostris.
1172 3994 1249 4055 Cum
1273 3993 1335 4054 hoc
1358 3971 1453 4054 modo

126 4088 253 4149 illorum
277 4085 496 4148 collectionem
519 4085 818 4158 disturbaverimus‚
857 4086 949 4148 nobis
971 4087 1115 4149 latiorem
1138 4090 1243 4151 locum
1265 4086 1456 4151 defendendi
1465 4099 1493 4140 ⁴⁰

127 4181 352 4265 relinquemus.
396 4181 481 4263 Ergo
505 4183 566 4245 hoc
589 4201 715 4267 quoque
732 4181 892 4243 vitandum
909 4180 1002 4244 est'in
1018 4181 1234 4266 expositione,
1257 4182 1453 4265 nequando,

196 4411 223 4458 1.
242 4412 455 4474 quinquepartita
472 4434 483 4444 -
502 4433 513 4444 -
534 4412 673 4472 tripertita
690 4435 702 4446 ·
717 4437 729 4448 ·
746 4412 941 4474 quadripartita
960 4410 1012 4460 PT.
1029 4435 1057 4446 -
1077 4411 1102 4461 5.
1122 4411 1151 4459 id
1169 4411 1239 4474 guod
1257 4409 1354 4460 PABF.
1377 4436 1403 4447 -
1426 4412 1453 4462 d.

128 4481 327 4544 reprehensione
347 4480 450 4530 PFRT:
476 4481 685 4542 reprehensionis
704 4483 758 4531 itti.
780 4507 809 4518 -
836 4483 862 4531 3.
882 4482 1026 4543 exemplum
1043 4481 1140 4532 Pane.
1160 4505 1192 4516 -
1212 4480 1253 4530 13.
1273 4489 1336 4531 srsnt
1354 4481 1452 4531 Pane.

127 4575 157 4587 -
178 4551 223 4600 20.
250 4553 295 4614 gui
324 4550 420 4600 PABF.
453 4574 482 4586 -
515 4565 633 4600 curemus
658 4552 732 4601 PAF.
761 4576 791 4588 -
822 4552 866 4601 28.
894 4553 1056 4602 ostendamus
1081 4551 1178 4603 PAFT.
1209 4576 1236 4588 -
1270 4551 1315 4600 33.
1339 4553 1454 4611 sociabat
1508 4574 1513 4591 =

126 4621 276 4672 PABFRT:
297 4619 394 4682 [senat
408 4621 437 4671 ii.
454 4648 483 4658 -
503 4622 532 4670 in
544 4623 590 4671 illc
603 4621 729 4672 PABFT:
749 4622 795 4673 illc
808 4623 864 4673 RE.
883 4645 904 4656 -·
930 4624 981 4672 nisi
997 4636 1132 4686 nunqnam
1144 4628 1207 4671 sunt
1219 4620 1299 4671 PFT:
1318 4636 1455 4684 nunquam

125 4697 186 4741 sunt
197 4693 248 4742 visi
261 4691 299 4750 li,
320 4705 456 4757 nunquam
468 4697 529 4740 snat
541 4688 649 4752 (omisso
662 4694 724 4756 uisi)
736 4695 775 4752 Α,
793 4696 845 4743 uisi
855 4706 986 4756 nusquam
997 4699 1059 4742 snat
1072 4693 1108 4752 Β,
1128 4694 1177 4740 nisi
1189 4697 1250 4740 sunt
1267 4707 1404 4757 nnsspuam
1418 4695 1452 4747 li.

129 4785 156 4797 -
177 4761 221 4812 34.
240 4759 377 4826 quonism]
398 4763 468 4826 qood
485 4761 567 4819 PBR,
587 4763 618 4812 L.
647 4788 678 4799 -
707 4763 751 4812 aa.
769 4772 908 4825 praetereo
927 4777 1005 4827 gnum
1024 4763 1098 4811 Voss.
1121 4774 1193 4821 sec..
1224 4775 1263 4822 pr.
1283 4763 1359 4813 held.
1378 4778 1452 4817 sens

126 4839 231 4896 prodar
250 4845 293 4882 sos
310 4845 375 4897 quos
393 4833 453 4890 Pii,
470 4839 583 4895 praeter
602 4845 645 4883 eos
663 4849 742 4898 quom
759 4835 866 4895 aaut,
882 4841 1023 4896 prosimu
1041 4846 1119 4895 guum
1134 4846 1199 4897 qnos
1211 4833 1243 4881 B.
1260 4857 1288 4869 -
1309 4833 1353 4885 37.
1367 4845 1454 4889 nstan-

127 4904 213 4955 dssaus
231 4903 292 4966 llll,
312 4903 343 4954 Ι..
364 4928 396 4941 -
415 4903 459 4955 df.
481 4902 528 4956 Vt.
546 4903 620 4970 Ergo
633 4927 644 4940 ·
656 4929 668 4942 ·
685 4905 865 4972 reliquerimus
883 4904 980 4957 absunt
997 4918 1011 4955 s
1031 4902 1096 4954 Cod.
1111 4902 1210 4966 eoram
1229 4903 1283 4957 dal.
1296 4904 1361 4959 seh.
