3232 5392
222 267 286 334 31⁰2
808 261 960 328 BRUTUS

220 426 341 512 inquit,
364 431 404 493 ad
418 432 450 492 te
464 428 570 492 animo
584 425 743 499 venimus,
765 428 801 489 ut
822 421 919 488 dere
940 420 1067 508 publica
1088 429 1172 488 esset
1193 421 1352 490 silentium
1375 433 1407 490 et
1430 425 1551 512 aliquid

221 522 403 588 audiremus
425 522 531 604 potius
555 528 666 594 exte,
690 537 786 604 quam
807 525 838 583 te
861 514 1055 582 afficeremus
1076 515 1141 582 ulla
1161 519 1317 584 molestia.
1363 525 1429 587 Vos
1452 541 1549 599 vero,

221 619 367 703 inquam,
391 615 508 690 Attice,
533 621 564 678 et
585 620 781 698 praesentem
803 634 854 677 me
876 631 951 676 cura
972 610 1083 678 levatis
1106 620 1139 676 et
1159 609 1281 678 absenti
1303 636 1417 699 magna
1441 617 1550 683 solatia

222 711 363 778 dedistis.
407 713 485 773 Nam
514 709 627 772 vestris
654 708 792 790 primum
821 704 932 772 litteris
963 712 1123 771 recreatus
1151 726 1202 771 me
1231 711 1270 772 ad
1293 708 1426 794 pristina
1449 713 1550 777 studia

199 804 379 872 srevocavi.
423 807 502 867 Tum
524 801 597 876 ille,
631 802 727 886 Legi,
756 800 873 885 inquit,
902 797 1104 886 perlubenter
1125 800 1306 888 epistolam,
1337 825 1434 889 quam
1457 804 1496 871 ad
1519 814 1549 872 te

221 905 336 965 Brutus
365 897 450 962 misit
477 916 517 960 ex
547 896 634 972 Asia,
667 915 729 981 qua
757 893 835 959 milri
863 894 949 959 visus
977 901 1026 959 est
1052 901 1085 961 et
1110 915 1242 961 monere
1267 904 1300 962 te
1322 898 1496 985 prudenter
1516 909 1549 968 et

222 993 377 1061 consolari
409 989 608 1055 amicissime.
654 992 706 1054 12.
739 991 852 1063 Recte,
889 991 1048 1075 inquam,
1072 994 1120 1055 est
1147 991 1245 1055 visus.
1290 993 1369 1056 Nam
1399 1013 1451 1058 me
1481 993 1549 1060 istis

222 1087 299 1153 seito
332 1086 443 1152 litteris
473 1106 513 1150 ex
543 1084 689 1149 diuturna
718 1082 955 1167 perturbatione
981 1081 1078 1149 totius
1106 1083 1294 1150 valetudinis
1321 1096 1482 1173 tamquam
1510 1091 1550 1154 ad

222 1179 454 1265 adspiciendam
480 1177 584 1243 lucem
615 1198 684 1243 esse
713 1186 907 1245 revocatum.
952 1182 1053 1264 Atque
1078 1185 1113 1242 ut
1139 1187 1213 1262 post
1241 1182 1436 1247 Cannensem
1462 1182 1550 1250 illam

184 1294 213 1336 re
222 1273 428 1340 calamitatem
460 1271 598 1358 primum
629 1271 769 1338 Marcelli
799 1272 839 1338 ad
866 1272 978 1338 Nolam
1004 1273 1129 1356 proelio
1160 1272 1294 1358 populus
1322 1295 1358 1340 se
1385 1279 1548 1343 Romanus

222 1366 325 1434 erexit
356 1375 529 1454 posteaque
557 1386 729 1453 prosperae
758 1389 809 1433 res
838 1366 987 1450 deinceps
1016 1365 1130 1430 multae
1161 1375 1348 1433 consecutae
1377 1382 1467 1446 sunt,
1504 1371 1549 1437 sic

221 1471 294 1550 post
320 1482 428 1528 rerum
455 1470 634 1527 nostrarum
661 1470 692 1527 et
713 1461 928 1527 communium
949 1458 1151 1546 gravissimos
1172 1479 1263 1524 casus
1285 1460 1364 1528 nibil
1385 1472 1458 1529 11111
1482 1465 1549 1551 epi-

221 1557 332 1624 stolam
353 1559 444 1623 Bruti
464 1557 543 1622 mihi
564 1555 693 1633 accidit,
730 1560 816 1643 quod
844 1555 957 1621 vellem
978 1561 1032 1620 aut
1052 1557 1138 1640 quod
1159 1554 1265 1640 aliqua
1286 1577 1327 1621 er
1347 1568 1437 1641 parte
1460 1559 1548 1626 solli-

223 1651 375 1720 citudines
388 1652 538 1718 allevaret
551 1670 648 1715 meas.
695 1652 746 1715 13.
770 1652 850 1716 Tum
861 1653 992 1724 Brutus,
1013 1648 1108 1717 Volui
1122 1647 1155 1714 id
1168 1649 1295 1736 quidem
1319 1650 1447 1719 efficere
1462 1664 1547 1721 certe

185 1745 366 1833 aset'capio
387 1764 533 1830 magnum
554 1742 706 1819 fructum,
729 1743 756 1809 si
777 1742 905 1831 quidem
926 1747 1011 1828 quod
1034 1747 1121 1811 volui
1143 1754 1227 1812 tanta
1247 1747 1280 1812 in
1303 1770 1338 1813 re
1360 1760 1547 1817 consecutus

223 1862 302 1907 sum.
345 1841 408 1905 Sed
429 1841 510 1904 scire
533 1839 645 1922 cupio,
669 1841 750 1925 quae
771 1847 804 1904 te
825 1838 918 1904 tadei
933 1837 1054 1904 litterae
1069 1839 1302 1907 delectaverint.
1346 1845 1429 1909 Istae
1451 1866 1547 1919 vero,

222 1936 369 2021 inquam,
405 1937 520 2011 Brute,
557 1953 621 1997 non
649 1931 745 1999 modo
773 1931 1011 1999 delectationem
1032 1933 1128 2008 mihi,
1160 1933 1348 2011 sedetiam,
1380 1948 1416 2004 ut
1436 1959 1548 2026 spero,

222 2033 353 2095 salutem
373 2030 555 2093 attulerunt.
600 2029 764 2094 Salutem?
785 2026 888 2114 inquit
908 2027 975 2092 ille.
1021 2026 1188 2105 Quodnam
1209 2032 1336 2095 tandem
1352 2051 1453 2117 genus
1469 2033 1550 2100 istuc

222 2132 286 2189 tam
302 2125 497 2210 praeclarum
513 2121 688 2189 litterarum
708 2121 790 2188 fuist
813 2127 861 2189 An
875 2121 953 2188 mihi
967 2121 1083 2208 potuit,
1104 2124 1251 2207 inquam,
1275 2145 1344 2190 esse
1358 2135 1414 2191 aut
1428 2131 1550 2212 gratior

184 2218 285 2285 mulla
312 2217 456 2284 salutatio
484 2224 538 2282 aut
565 2221 605 2282 ad
634 2219 694 2282 hoo
721 2223 844 2303 tempus
864 2215 969 2303 aptior
988 2237 1082 2302 quam
1104 2214 1187 2281 illius
1208 2215 1301 2295 libri,
1335 2241 1399 2307 quo
1424 2243 1476 2287 me
1497 2225 1548 2311 bio

221 2312 332 2380 affatus
353 2313 442 2396 quasi
463 2312 618 2376 iacentem
632 2312 798 2376 excitavit?
822 2311 873 2376 lb.
889 2314 969 2375 Tum
983 2309 1053 2385 ille,
1076 2313 1196 2394 Nempe
1215 2332 1288 2377 eum
1304 2314 1401 2390 dicis,
1425 2310 1546 2402 inquit',

220 2428 284 2496 quo
307 2407 366 2473 iste
387 2426 514 2471 omnem
536 2426 642 2471 rerum
664 2404 849 2471 memoriam
872 2403 1012 2469 breviter
1039 2411 1086 2479 et,
1121 2411 1155 2470 ut
1181 2405 1259 2472 mihi
1286 2407 1415 2494 quidem
1443 2411 1547 2477 visum

220 2510 283 2577 est,
316 2500 541 2587 perdiligenter
562 2501 745 2586 complexus
767 2504 834 2564 est?
870 2501 968 2563 Istum
989 2499 1109 2584 ipsum,
1142 2499 1287 2586 inquam,
1318 2508 1434 2582 Brute,
1459 2504 1546 2581 dico,

219 2595 334 2663 librum
355 2595 432 2661 mibi
454 2593 547 2660 saluti
567 2592 676 2659 fuisse.
720 2595 774 2658 lv.
798 2597 878 2659 Tum
900 2595 1038 2669 Atticus,
1062 2594 1297 2676 Optatissimum
1318 2599 1396 2664 mihi
1418 2604 1547 2688 quidem

180 2701 281 2767 aest,
305 2688 391 2776 quod
405 2687 500 2754 dicis:
526 2686 582 2753 sed
597 2686 673 2775 quid
687 2687 813 2755 tandem
834 2689 947 2754 habuit
968 2686 1049 2753 liber
1069 2690 1144 2765 iste,
1167 2689 1252 2776 quod
1273 2690 1331 2758 tibi
1352 2701 1406 2757 aut
1426 2714 1546 2760 novum

218 2795 272 2852 aut
292 2793 377 2850 tanto
399 2786 470 2849 usui
492 2789 599 2870 posset
619 2786 708 2848 esset
732 2785 782 2847 15.
807 2782 862 2848 Ille
876 2804 952 2848 vero
967 2790 1000 2847 et
1013 2803 1117 2859 nova,
1142 2782 1288 2870 inquam,
1313 2786 1390 2851 mihi
1412 2790 1544 2874 quidem

217 2880 314 2947 multa
336 2889 367 2945 et
387 2900 455 2944 eam
478 2878 658 2953 utilitatem,
681 2897 775 2962 quam
796 2874 1016 2964 requirebam,
1040 2886 1076 2941 ut
1097 2877 1261 2961 explicatis
1283 2879 1448 2947 ordinibus
1467 2890 1547 2948 tem·

215 2994 329 3060 porum
357 2995 421 3040 uno
450 2972 482 3037 in
512 2979 680 3058 conspectu
708 2970 814 3037 omnia
841 2969 1000 3049 viderem;
1038 2992 1119 3058 qnae
1147 2992 1218 3038 cum
1245 2978 1387 3042 studiose
1410 2985 1545 3043 tractare

217 3070 408 3156 coepissem,
443 3069 512 3150 ipsa
543 3065 621 3131 mihi
651 3069 794 3131 tractatio
826 3064 998 3131 litterarum
1032 3067 1176 3133 salutaris
1208 3069 1268 3133 tuit
1300 3068 1543 3156 admonuitque,

179 3179 207 3221 ³⁰
216 3163 385 3250 Pomponi,
406 3171 442 3228 ut
462 3167 525 3226 ate
546 3160 615 3244 ipso
638 3180 795 3226 sumerem
816 3159 936 3246 aliquid
957 3162 997 3225 ad
1020 3181 1070 3226 me
1092 3159 1298 3228 reficiendum
1319 3172 1414 3250 teque
1437 3187 1545 3239 remu·

214 3257 388 3324 nerandnm
422 3257 448 3321 si
477 3276 541 3320 non
574 3256 658 3340 pari,
691 3262 724 3319 at
745 3262 832 3339 grato
856 3262 959 3320 tamen
981 3275 1128 3321 muneret
1166 3278 1355 3345 quamquam
1377 3260 1457 3326 illud
1480 3263 1544 3325 lle-

214 3352 349 3418 siodinm
378 3350 523 3418 laudatur
550 3371 569 3414 a
595 3349 713 3426 doctis,
749 3349 834 3436 quod
866 3347 975 3414 eadem
1004 3371 1151 3416 mensura
1175 3354 1309 3417 reddere
1338 3352 1445 3430 iubet,
1481 3376 1543 3441 qua

213 3448 385 3530 acceperis,
413 3456 466 3511 aut
485 3444 579 3510 etiam
597 3443 819 3518 cumulatiore,
847 3447 873 3508 si
894 3445 1007 3529 possis.
1055 3446 1105 3510 16.
1129 3448 1198 3529 Ego
1219 3455 1324 3511 autem
1347 3450 1541 3516 voluntatem

212 3542 270 3605 tibi
292 3539 434 3623 prolecto
457 3539 602 3615 emetiar,
636 3537 691 3603 sed
718 3558 787 3604 rem
817 3543 916 3626 ipsam
944 3541 1084 3603 nondum
1103 3559 1196 3625 posse
1221 3539 1351 3621 videor3
1386 3542 1482 3631 idque
1508 3555 1542 3609 ut

175 3637 373 3719 reignescas,
397 3643 465 3698 ate
484 3642 569 3719 peto.
615 3636 680 3697 Nec
702 3637 785 3698 enim
808 3655 848 3697 ex
870 3631 981 3708 novis,
1005 3640 1041 3697 nt
1064 3633 1220 3717 agricolae
1242 3635 1363 3712 solent,
1386 3636 1542 3704 fructibus

212 3739 275 3805 est,
311 3727 394 3793 unde
416 3729 473 3793 tibi
495 3727 624 3793 reddam
649 3730 735 3812 quod
756 3726 880 3812 accepi3
917 3729 962 3791 sic
984 3728 1086 3792 omnis
1107 3726 1188 3794 fetus
1211 3750 1374 3816 repressus
1396 3743 1540 3801 exustus·

212 3846 273 3911 que
301 3821 359 3887 llos
387 3823 439 3887 siti
469 3825 586 3887 veteris
605 3822 759 3887 ubertatis
787 3821 928 3899 exaruit,
963 3843 1022 3888 neo
1045 3845 1085 3887 ex
1114 3824 1263 3897 conditis,
1297 3826 1350 3912 qui
1376 3829 1480 3891 iacent
1509 3833 1540 3893 in

211 3918 349 3984 tenebris
365 3925 395 3980 et
410 3921 448 3982 ad
464 3938 544 4003 quos
566 3921 669 3982 omnis
684 3918 776 3981 nobis
790 3914 911 3992 aditus,
928 3917 990 4004 qui
1010 3936 1107 4003 paene
1128 3919 1204 3982 solis
1220 3919 1334 4002 patuit,
1358 3923 1540 3987 obstructus

211 4023 268 4080 est.
315 4014 461 4077 Seremus
480 4011 576 4096 igitur
602 4011 721 4098 aliquid
741 4020 898 4095 tamqnam
919 4009 951 4074 in
968 4011 1137 4078 incultoet
1159 4014 1309 4079 derelicto
1331 4014 1419 4093 solo;
1454 4021 1541 4103 quod

172 4112 253 4174 coita
268 4108 433 4192 diligenter
446 4106 602 4182 colemus,
625 4114 660 4171 nt
682 4103 845 4191 impendiis
866 4103 959 4169 etiam
982 4126 1099 4189 augere
1121 4107 1276 4189 possimus
1294 4108 1469 4193 largitatem
1494 4111 1541 4176 tui

210 4204 367 4280 muneris;
403 4203 499 4266 modo
531 4201 616 4266 idem
646 4208 754 4265 noster
782 4198 902 4262 animus
932 4196 1058 4264 efficere
1081 4203 1194 4287 possit,
1230 4201 1315 4288 quod
1338 4223 1427 4287 ager,
1463 4205 1537 4291 qui,

210 4318 281 4362 cum
299 4297 413 4361 multos
429 4316 527 4361 annos
548 4294 682 4382 quievit,
704 4291 870 4358 uberiores
893 4291 1008 4359 efferre
1026 4294 1133 4381 fruges
1153 4296 1241 4362 solet
1288 4301 1337 4361 17.
1361 4301 1441 4363 Tum
1465 4300 1538 4376 ille,

208 4395 277 4474 Ego
297 4412 372 4455 vero
396 4401 428 4456 et
450 4393 640 4476 exspectabo
664 4409 717 4464 ea,
748 4407 827 4472 quae
852 4389 1031 4472 polliceris,
1061 4413 1120 4456 nee
1145 4391 1269 4476 exigam
1291 4392 1350 4457 nisi
1374 4402 1428 4457 tuo
1452 4415 1541 4459 com-

208 4485 302 4550 modo
327 4494 359 4549 et
382 4495 473 4551 erunt
494 4486 573 4550 mihi
597 4493 758 4573 pergrata,
781 4483 807 4547 si
824 4483 966 4549 solveris.
1012 4485 1090 4550 Mihi
1113 4506 1257 4572 qunque,
1281 4487 1381 4573 iuquit
1400 4491 1538 4564 Brutus,

172 4600 198 4640 es
210 4579 419 4667 exspectanda
442 4588 514 4645 sunt
536 4602 592 4660 ea,
616 4601 697 4666 quae
718 4577 819 4643 Attico
841 4578 1012 4664 polliceris,
1036 4581 1095 4646 etsi
1117 4580 1248 4646 tortasse
1268 4601 1327 4668 ego
1350 4603 1369 4646 a
1391 4589 1421 4646 te
1444 4583 1539 4648 huius

277 4792 321 4840 21.
342 4791 410 4841 dices
429 4793 474 4856 lg.
495 4793 521 4845 8.
539 4753 585 4843 bd.
604 4793 648 4844 51.
666 4789 709 4842 5³.
728 4790 771 4841 58.
792 4789 836 4841 68.
856 4792 922 4843 Ven.
940 4793 985 4850 1..
1007 4793 1039 4842 ll.
1061 4817 1092 4828 -
1119 4791 1163 4842 dd.
1185 4795 1311 4842 remetior
1329 4793 1406 4843 lllelo
1426 4801 1540 4847 auctore

207 4858 237 4909 l..
253 4884 284 4896 -
304 4863 346 4912 ³7.
367 4864 411 4911 sttt
423 4863 473 4929 ptos
487 4864 517 4914 1..
542 4889 570 4904 -
592 4862 637 4913 ta.
649 4862 745 4918 11111).
768 4859 791 4910 R
805 4868 832 4913 et
844 4868 947 4914 ceterae
961 4863 1027 4914 Edd.
1041 4869 1101 4914 ente
1113 4863 1231 4913 aldum:
1251 4876 1334 4926 neque
1349 4877 1408 4915 cum
1421 4865 1492 4916 Atdo
1506 4866 1538 4916 11.

208 4956 238 4970 -
256 4931 302 4983 ta.
321 4935 496 4997 exspectando
513 4934 551 4996 L,
571 4936 654 4986 etate
671 4932 775 4987 volebat
792 4935 871 4985 ettam
892 4932 929 4984 111
958 4939 982 4985 et
1000 4933 1177 4999 exspectando
1195 4945 1255 4985 cum
1282 4934 1358 4988 ttbrls
1383 4936 1452 4987 notls
1477 4934 1537 4988 1111.
