3232 5392
166 215 230 282 004
688 215 743 280 llll
766 213 955 281 ORATORE

167 374 262 452 donis
285 380 317 438 et
339 380 447 457 aptum
470 370 511 439 ad
531 370 652 439 animos
672 372 887 440 conciliandos
907 373 958 441 vel
980 373 1135 451 maxime,
1161 394 1256 462 saepe
1276 384 1382 443 autem
1402 379 1499 444 wem

167 467 207 535 ad
222 469 483 546 commovendos;
505 470 580 533 005.
604 487 810 554 personarum
825 469 897 533 licta
913 468 1068 544 inductio,
1090 469 1141 536 vel
1157 474 1374 555 gravissimum
1390 473 1499 538 lumen

166 561 319 648 augendi;
357 561 546 646 descriptio,
571 564 689 628 erroris
710 564 865 637 inductio,
889 561 928 627 ad
950 563 1140 630 bilaritatem
1161 565 1327 652 impulsio,
1350 574 1422 632 ante
1443 585 1498 631 oo·

167 656 311 740 cupatio;
333 666 401 723 tum
423 659 485 721 duo
507 655 580 734 illa,
614 677 694 741 quae
718 659 853 722 maxime
875 666 1017 732 movent,
1041 657 1216 724 similitudo
1239 668 1272 726 et
1292 659 1495 744 exemplnm3

143 749 319 836 sdigestio,
341 749 566 837 interpellatio,
589 750 764 825 contentio,
787 753 968 829 reticentia,
993 750 1238 832 commendatio;
1261 776 1323 820 vox
1339 753 1496 839 quaedam

164 846 266 912 libera
285 855 379 931 atque
401 846 495 910 otiam
518 843 700 911 effrenatior
714 843 848 931 augendi
866 866 974 924 causa;
996 846 1172 921 iracundis,
1195 849 1394 933 obiurgatio,
1420 869 1498 935 pro·

33 1007 38 1022 ,
164 942 291 1017 missio,
326 939 523 1023 deprecatio,
559 937 755 1019 obsecratio,
788 939 953 1006 declinatio
975 941 1082 1006 brevis
1103 963 1122 1006 a
1143 943 1327 1027 proposito,
1361 964 1426 1008 non
1460 951 1498 1009 ut

164 1033 309 1122 superior
330 1034 383 1100 illa
404 1036 574 1118 digressio,
607 1036 772 1121 purgatio,
797 1035 990 1110 conciliatio,
1012 1034 1129 1112 laesio,
1152 1037 1271 1121 optatio
1287 1046 1380 1125 atque
1403 1059 1496 1104 exse-

131 1197 135 1207 ,
164 1129 274 1195 oratio.
320 1131 377 1194 llis
404 1128 472 1195 lere
500 1128 671 1196 luminibus
698 1130 853 1196 illustrant
880 1129 1056 1196 orationem
1083 1131 1268 1196 sententiae.
1313 1134 1392 1197 LlV.
1417 1135 1492 1198 000.

125 1219 323 1290 soOratiouis
352 1231 456 1289 autem
487 1222 585 1309 ipsius
615 1232 772 1311 tamquam
793 1245 954 1290 armorum
976 1233 1025 1290 est
1043 1224 1094 1290 vel
1114 1224 1155 1291 ad
1176 1246 1269 1291 usum
1290 1227 1494 1293 comminatio

164 1327 195 1385 et
222 1316 312 1403 quasi
343 1317 455 1402 petitio
483 1317 533 1382 vel
563 1316 603 1383 ad
632 1327 826 1384 venustatem
855 1318 924 1402 ipsa
952 1320 1108 1384 tractatio.
1154 1323 1232 1385 Nam
1263 1330 1295 1385 et
1323 1321 1494 1406 geminatio

161 1416 334 1479 verborum
363 1413 457 1476 babet
485 1410 643 1477 interdum
672 1413 754 1489 vim,
789 1415 932 1499 leporem
953 1412 1044 1492 alias;
1079 1421 1111 1479 ot
1132 1415 1272 1500 paullum
1294 1415 1493 1483 immutatum

161 1505 294 1574 verbum
315 1513 410 1593 atque
432 1503 590 1572 deflexum
611 1515 643 1572 et
664 1510 808 1573 eiusdem
830 1503 920 1571 verbi
942 1505 1057 1572 crebra
1077 1517 1146 1583 tum
1167 1530 1186 1574 a
1206 1511 1311 1598 primo
1331 1511 1491 1597 repetitio,

162 1610 228 1669 tun
249 1603 282 1667 iu
305 1611 481 1666 extremum
504 1600 668 1667 conversio
691 1599 778 1666 etin
800 1599 910 1667 eedem
933 1604 1030 1668 verba
1058 1601 1196 1686 impetus
1217 1614 1249 1670 st
1269 1606 1436 1672 concursio
1460 1613 1493 1671 et

125 1715 152 1758 rs
162 1695 319 1762 adiunctio
340 1703 373 1761 et
392 1697 572 1781 progressio
595 1704 627 1762 et
651 1693 792 1763 eiusdem
815 1697 904 1761 verbi
927 1694 1069 1761 crebrius
1091 1699 1185 1781 positi
1208 1702 1362 1785 quaedam
1377 1699 1490 1766 distin·

162 1793 225 1859 otio
246 1799 280 1857 et
299 1790 458 1857 revocatio
481 1792 569 1856 verbi
592 1789 712 1864 atille,
747 1811 827 1879 quae
857 1788 1003 1856 similiter
1030 1788 1178 1857 desinunt
1198 1801 1252 1857 aut
1273 1815 1355 1879 quae
1377 1793 1492 1860 cadunt

161 1886 306 1953 similiter
327 1893 381 1951 aut
403 1904 483 1972 quae
504 1887 633 1971 paribus
655 1886 745 1970 paria
766 1883 945 1952 referuntur
966 1890 1022 1950 aut
1044 1906 1125 1971 quae
1152 1894 1224 1951 sunt
1245 1887 1328 1954 inter
1348 1909 1383 1954 se
1404 1888 1492 1955 simi·

160 1981 213 2049 lia.
257 1983 332 2047 007.
365 1983 421 2045 Est
452 1981 548 2045 etiam
578 1977 719 2063 gradatio
745 1981 899 2064 quaedam
921 1985 953 2042 et
974 1981 1142 2044 conversio
1167 1988 1200 2044 et
1221 1979 1392 2049 verborum
1415 2004 1489 2050 con-

160 2077 251 2144 cinna
272 2075 478 2159 transgressio
500 2081 533 2138 et
553 2075 745 2139 contrarium
768 2081 800 2138 et
820 2071 1008 2151 dissolutum
1029 2080 1061 2138 et
1082 2072 1250 2141 declinatio
1271 2085 1304 2140 et
1318 2079 1490 2160 reprehen-

123 2174 209 2239 sosio
231 2179 264 2237 et
285 2167 469 2235 exclamatio
493 2176 525 2233 et
544 2167 723 2235 imminutio
743 2174 776 2232 et
796 2164 881 2254 quod
901 2165 936 2231 in
953 2166 1060 2232 multis
1075 2170 1198 2234 casibus
1212 2170 1340 2254 ponitur
1357 2180 1389 2236 et
1403 2172 1489 2259 quod

160 2265 200 2333 de
222 2263 353 2351 singulis
374 2265 470 2329 rebus
491 2262 662 2349 propositis
684 2260 812 2328 ductum
832 2257 970 2325 relertur
991 2263 1031 2326 ad
1052 2260 1175 2346 singula
1190 2273 1222 2329 et
1235 2262 1276 2329 ad
1288 2269 1488 2351 propositum

160 2358 301 2427 subiecta
319 2360 402 2424 ratio
425 2367 456 2423 at
477 2359 552 2423 item
573 2357 606 2423 in
628 2356 802 2423 distributis
829 2354 991 2441 supposita
1018 2359 1098 2421 ratio
1120 2363 1152 2421 et
1172 2358 1340 2440 permissio
1361 2369 1393 2427 et
1414 2382 1487 2427 rur-

125 2509 129 2516 .
160 2475 230 2520 sum
251 2453 313 2519 alia
334 2451 488 2518 dubitatio
510 2464 542 2518 et
562 2451 769 2537 improvisum
790 2448 938 2538 quiddam
961 2458 994 2515 et
1014 2452 1224 2517 dinumemtio
1247 2462 1279 2519 et
1300 2453 1361 2519 alia
1382 2476 1488 2521 corre·

160 2548 223 2615 ctio
252 2557 284 2613 et
311 2546 475 2633 dissipatio
502 2555 534 2612 et
562 2546 775 2612 continuatum
805 2554 838 2610 et
865 2546 1073 2631 interruptum
1104 2553 1136 2610 et
1160 2545 1266 2631 imago
1288 2557 1320 2612 et
1341 2548 1402 2613 sibi
1425 2552 1485 2636 ipsi

122 2658 150 2701 rs
160 2641 322 2729 responsio
347 2649 379 2707 et
407 2640 582 2708 immutatio
603 2648 636 2706 et
657 2639 807 2706 diiunctio
837 2648 870 2705 et
890 2638 970 2705 ordo
992 2648 1029 2711 et.
1043 2639 1155 2706 relatio
1185 2638 1229 2724 [et
1257 2641 1424 2728 digressio]
1456 2652 1487 2710 et

46 2738 52 2758 '
158 2734 417 2822 circumscriptio.
461 2738 535 2801 008.
560 2739 646 2800 llaec
667 2735 751 2801 enim
773 2743 845 2801 sunt
864 2732 931 2800 iere
952 2741 1046 2820 atque
1067 2737 1181 2800 homm
1199 2735 1313 2802 similia
1326 2741 1376 2804 vel
1392 2741 1485 2824 plura

160 2831 254 2898 etiem
282 2850 352 2897 esse
378 2837 523 2917 possunt,
556 2851 636 2918 quae
665 2829 830 2896 sententiis
857 2830 1031 2895 orationem
1053 2828 1286 2918 verborumque
1307 2832 1486 2900 conforma-

158 2925 296 2993 tionibus
317 2925 505 2991 illuminent.

242 3027 306 3089 LV.
338 3023 427 3099 Quae
448 3018 575 3107 quidem
596 3027 647 3095 te,
671 3020 798 3093 Crasse,
820 3016 933 3094 video,
956 3017 1059 3104 inquit
1080 3019 1186 3095 Cotta,
1211 3023 1297 3107 quod
1318 3029 1394 3088 nota
1415 3042 1486 3089 esse

121 3115 251 3183 arnonis
278 3123 387 3204 putes,
425 3117 493 3180 sine
522 3111 756 3179 delinitionibus
778 3120 810 3178 et
831 3115 899 3178 sina
922 3114 1076 3200 exemplis
1098 3113 1255 3184 elludisse.
1298 3119 1364 3199 Ego
1387 3138 1481 3195 vcro,

157 3211 260 3299 inquit
280 3214 428 3286 Crassus,
451 3230 492 3274 ne
512 3207 567 3274 illa
587 3205 728 3292 quidem,
750 3226 832 3292 quae
853 3228 949 3290 snpra
970 3206 1053 3284 dixi,
1084 3228 1168 3274 nova
1189 3209 1281 3276 vobis
1306 3231 1375 3276 esse
1395 3209 1485 3278 urbi-

157 3304 283 3383 trabar,
306 3307 363 3370 sed
384 3302 536 3371 voluntati
556 3307 696 3369 vestrum
717 3301 859 3367 omnium
880 3304 984 3389 parui.
1028 3305 1101 3368 000.
1127 3306 1184 3368 llis
1205 3312 1309 3369 autem
1331 3303 1483 3372 derebus

158 3404 206 3468 sol
227 3422 279 3466 me
299 3399 352 3467 ille
373 3400 549 3473 admonuit,
582 3405 617 3463 nt
637 3396 769 3463 brevior
789 3416 912 3473 essem,
946 3399 1000 3483 qui
1022 3396 1090 3485 ipse
1112 3398 1175 3463 iam
1194 3398 1406 3485 praecipitans
1430 3422 1481 3468 me

158 3515 285 3583 quoque
311 3497 390 3560 haec
415 3495 619 3582 praecipitem
647 3513 748 3577 paone
769 3490 916 3557 evolvere
938 3492 1054 3575 coegit.
1101 3490 1162 3557 Sed
1183 3501 1288 3559 tamen
1309 3491 1401 3560 buius
1424 3516 1483 3580 ge·

120 3589 242 3656 saneris
264 3588 487 3655 demonstratio
510 3597 557 3654 est
578 3596 611 3654 et
630 3587 774 3652 doctrina
794 3589 863 3671 ipsa
883 3584 1037 3669 vulgaris3
1059 3607 1135 3652 usus
1157 3594 1261 3653 autem
1281 3589 1482 3674 gravissimus

158 3691 191 3750 et
211 3686 244 3750 in
265 3685 327 3749 hoc
349 3691 415 3749 toto
438 3685 562 3749 dicendi
584 3679 688 3748 studio
709 3678 923 3747 difficillimus.
967 3684 1040 3746 010.
1073 3682 1304 3760 Quamobrem,
1332 3685 1480 3771 quoniam

159 3780 199 3843 de
221 3785 333 3843 ornatu
356 3777 443 3844 omni
465 3778 614 3844 orationis
635 3784 708 3842 sunt
728 3795 852 3852 omnes,
886 3773 913 3840 si
940 3796 1004 3839 non
1032 3773 1196 3860 patefacti,
1234 3787 1264 3844 at
1286 3788 1371 3844 certe
1393 3800 1482 3845 com-

157 3872 323 3940 monstrati
343 3873 421 3950 loci,
454 3893 550 3948 nunc,
578 3870 654 3959 quid
676 3877 782 3956 aptum
804 3871 858 3943 sit,
886 3869 1032 3944 honest,
1055 3868 1132 3954 quid
1154 3870 1292 3937 maxime
1314 3875 1426 3937 deccat
1447 3876 1479 3939 iu

158 3970 318 4047 oratione,
341 3965 514 4033 videamus.
559 3967 755 4052 Quamquam
776 3963 810 4030 id
831 3961 957 4050 qnidam
979 3962 1181 4049 perspicuum
1204 3972 1269 4044 cst,
1303 3987 1367 4032 non
1392 3967 1480 4034 omni

225 4249 253 4300 0.
271 4245 469 4300 commonendos
487 4242 509 4294 Α
529 4248 556 4295 et
575 4255 642 4295 corr.
661 4242 693 4294 0.
713 4260 747 4279 -
765 4246 802 4292 stt
819 4242 905 4293 lamera
922 4242 956 4293 ll.
978 4265 1008 4280 -
1028 4240 1055 4292 0.
1076 4240 1173 4306 ogands
1186 4241 1242 4294 ΑΒ.
1262 4267 1294 4280 -
1321 4249 1346 4294 st
1363 4245 1393 4295 lo
1410 4245 1477 4298 bila·

156 4321 264 4372 ritatem
278 4320 308 4371 a.
324 4343 355 4357 -
375 4318 401 4368 0.
421 4318 573 4383 sfflsoots'or
591 4313 675 4364 Codd.
695 4312 747 4373 ab,
764 4313 808 4363 lt:
828 4312 962 4377 effrenatio
975 4312 1030 4373 AB,
1046 4311 1075 4362 ll.
1090 4336 1125 4347 —
1142 4315 1399 4377 0900100011.-
1417 4318 1443 4367 ’1.
1457 4333 1476 4370 a

153 4387 302 4455 proposito]
323 4390 455 4452 oppositio
472 4386 505 4436 n.
536 4410 566 4423 -
597 4384 624 4434 0.
643 4389 669 4435 st
686 4386 789 4447 cptotto
807 4383 839 4433 ll·
868 4408 898 4420 -
928 4384 970 4434 10.
989 4384 1120 4444 processio
1138 4383 1193 4435 ΑΒ.
1220 4410 1252 4421 -
1279 4388 1370 4449 postea
1388 4388 1421 4438 n,
1444 4411 1473 4425 .-

157 4461 287 4512 dtstrs'ctto
305 4461 336 4510 ll.
355 4481 389 4496 -
407 4458 451 4509 1¹1.
469 4455 622 4520 deluuntur
640 4454 696 4512 All,
710 4454 789 4504 10.-
807 4453 850 4503 10.
871 4457 896 4503 st
913 4460 974 4504 ante
991 4452 1131 4503 corborum
1148 4468 1201 4505 orn.
1221 4456 1252 4503 B.
1263 4480 1298 4491 -
1315 4460 1476 4509 condonata

157 4533 213 4583 ΑΒ.
232 4557 264 4568 -
284 4532 327 4582 10.
347 4531 444 4593 grmsto
461 4529 492 4578 B.
511 4549 543 4564 -
562 4526 605 4576 00.
625 4530 649 4576 st
666 4525 815 4574 tmmlnuls'o
834 4537 887 4575 om.
905 4525 939 4574 Α.
960 4546 992 4559 -
1010 4524 1054 4573 00.
1073 4523 1199 4588 sumente]
1220 4525 1317 4579 delecto
1331 4528 1360 4577 ts.
1377 4553 1407 4566 -
1427 4529 1473 4580 03.

157 4603 289 4667 οοπφιίο
306 4602 338 4652 ll.
358 4623 389 4637 -
415 4599 460 4650 ot.
479 4598 624 4660 disputotto
642 4596 673 4655 ll,
685 4596 718 4646 u.
739 4594 783 4650 (Ut
801 4608 866 4653 nos.
886 4591 931 4657 Α.)
952 4616 984 4630 -
1003 4599 1027 4644 et
1045 4597 1226 4647 continuatum
1244 4597 1289 4645 ΑΒ
1308 4599 1423 4661 sltluuea
1449 4604 1475 4649 et

155 4675 225 4740 guod
243 4675 427 4724 continuatam
445 4668 496 4719 RE.
516 4690 547 4704 -
575 4665 824 4717 austronotus
851 4665 992 4716 distnonts'o
1010 4661 1051 4728 (B)
1071 4665 1128 4715 llll.
1158 4693 1186 4705 -
1218 4666 1325 4732 relatio]
1354 4669 1471 4732 lestolt,

156 4745 300 4795 translatio
313 4744 345 4793 ll.
363 4767 391 4781 -
411 4747 436 4793 st
447 4739 576 4803 deprecato
588 4750 648 4789 cum
662 4737 794 4788 Ellendtlo
807 4736 971 4788 seclnstmus.
985 4758 1019 4770 -
1037 4735 1081 4785 07.
1100 4735 1289 4802 uerborumque
1306 4753 1359 4790 om,
1373 4740 1429 4790 ΑΒ,
1440 4766 1472 4779 -

155 4816 199 4867 01.
218 4815 292 4867 oobts
304 4812 415 4874 ,1003
435 4810 509 4862 nobis
526 4809 639 4862 llrnesttt
660 4820 767 4871 operae.
780 4833 814 4845 -
832 4807 875 4857 00.
894 4811 1014 4857 nostrum
1031 4807 1092 4867 AB,
1109 4808 1191 4858 castrt
1208 4808 1243 4858 1s.
1265 4831 1296 4847 -
1314 4811 1358 4862 05.
1377 4816 1416 4863 est
1434 4809 1470 4877 st]

153 4893 204 4943 rtet
220 4888 259 4951 0,
279 4891 304 4939 st
320 4885 353 4937 a.
373 4907 404 4923 -
422 4882 467 4936 07.
485 4882 510 4934 rt
524 4892 580 4933 son
595 4884 657 4933 sset
674 4890 761 4933 omosr
774 4876 905 4944 portasti
920 4877 955 4931 ll.
975 4899 1006 4918 -·
1024 4878 1068 4932 00.
1088 4875 1264 4945 mom]
1282 4892 1362 4946 auom
1378 4883 1453 4945 M.
