3216 5400
162 244 222 314 ffl
659 241 714 308 DE
735 240 979 309 inventionis

158 409 210 472 92.
234 405 434 490 Perspicuum
462 409 525 477 est,
561 399 602 466 de
630 422 694 487 quo
721 421 785 464 non
815 408 863 466 est
891 402 1123 467 controversia:
1159 410 1208 477 ut,
1245 405 1367 489 siqui,
1406 427 1479 472 cum

158 502 299 566 Orestem
322 506 464 572 accuset,
487 500 616 583 planum
638 495 730 561 iaciat
751 493 790 560 ab
813 517 853 561 eo
875 505 1006 561 matrem
1029 518 1098 561 esse
1120 499 1266 563 occisam.
1311 503 1380 566 Non
1404 524 1481 567 con·

157 612 278 659 cessum
300 601 362 666 esi,
385 614 456 656 cnm
478 591 527 667 id,
550 594 635 679 quod
656 599 804 676 augetur,
829 592 861 655 in
883 593 1098 656 controversia
1114 599 1178 666 est,
1200 601 1248 666 ut,
1271 595 1382 678 siqui,
1406 618 1478 660 com

156 689 276 756 Ulixem
298 697 440 763 accuset,
463 690 496 751 in
517 690 580 753 hoc
600 687 735 751 maxime
750 694 981 750 commoretur:
1010 684 1175 770 Indignum
1197 707 1266 751 esse
1288 685 1328 752 ab
1349 692 1480 755 homine

117 797 132 838 ⁵
154 782 355 868 ignavissimo
376 785 482 848 virum
503 781 725 855 lortisdmum‚
748 777 889 853 Aiacem,
912 788 1067 845 necatum.
1113 785 1219 864 Turpe
1239 787 1302 857 est,
1325 784 1409 869 quod
1424 793 1480 849 aui

155 897 195 943 eo
216 875 304 951 loco,
327 876 445 965 inquo
468 877 582 942 dieitur
602 883 656 938 aut
677 895 715 938 eo
737 875 879 949 homine,
903 874 958 960 qui
980 874 1073 950 dicit,
1096 883 1151 939 aut
1172 895 1212 940 eo
1234 886 1390 961 tempore,
1413 900 1478 965 quo

154 970 287 1048 dicitur,
312 982 366 1038 aut
387 974 439 1047 iis,
462 971 516 1058 qui
537 968 684 1044 audiunt,
713 976 768 1032 aut
790 987 828 1031 ea
850 990 903 1044 re,
935 973 1057 1051 quade
1079 972 1198 1053 agitur,
1221 968 1382 1052 indignum
1404 991 1479 1057 pro-

152 1074 224 1154 pter
245 1068 443 1132 inhonestam
465 1087 533 1130 rem
554 1062 687 1129 videtur.
732 1060 894 1126 Ollcnsum
918 1072 980 1136 est,
1005 1066 1089 1149 quod
1112 1083 1243 1138 eorum,
1266 1064 1321 1149 qui
1335 1065 1476 1140 audiunt,

154 1159 346 1227 voluntatem
368 1160 479 1227 laedit:
513 1168 560 1232 ui,
593 1157 620 1222 si
650 1155 704 1242 qui
732 1159 815 1239 apud
845 1161 966 1244 equites
987 1162 1146 1223 Romanos
1168 1157 1298 1243 cupidos
1320 1157 1477 1226 iudicandi

116 1269 145 1311 ¹0
155 1254 322 1343 Caepionis
343 1255 445 1340 legem
467 1251 659 1319 iudiciariam
674 1249 789 1316 laudet.
833 1254 870 1316 L.
895 1251 1246 1326 ostenderimus,
1269 1255 1354 1337 quod
1368 1264 1478 1318 contra

154 1348 271 1415 dicitur
303 1359 396 1436 atque
427 1351 474 1422 ii,
499 1349 552 1433 qui
574 1345 721 1419 audiunt,
751 1343 913 1411 lecerunt:
946 1355 998 1422 ut,
1034 1348 1060 1410 si
1082 1344 1137 1431 qui
1159 1349 1241 1431 apud
1264 1347 1476 1412 Alexandrum

153 1442 357 1512 Macedonem
387 1450 494 1509 contra
523 1441 660 1525 aliquem
688 1442 775 1504 urbis
802 1449 1048 1525 expugnatorem
1077 1438 1195 1504 diceret
1216 1440 1294 1504 nihil
1316 1461 1385 1505 esse
1406 1463 1477 1507 cru-

153 1535 254 1604 delius
283 1558 376 1623 quam
395 1539 491 1601 urbes
512 1536 655 1607 diruere,
689 1554 760 1597 cum
782 1533 850 1619 ipse
872 1534 1049 1599 Alexander
1069 1537 1194 1598 Thebas
1223 1534 1381 1600 diruisset.
1427 1540 1478 1601 ln·

154 1641 300 1698 constans
323 1639 388 1706 est,
411 1629 496 1716 quod
518 1631 556 1692 ab
580 1630 693 1691 eodem
715 1625 754 1692 de
776 1631 886 1693 eadem
908 1649 943 1692 re
964 1627 1087 1692 diverse
1109 1626 1241 1692 dicitur:
1276 1637 1328 1700 ut,
1352 1633 1377 1694 si
1408 1634 1473 1717 qui,

115 1740 225 1792 ticum
248 1724 381 1799 dixerit,
418 1722 472 1808 qui
492 1724 639 1787 virtutem
662 1719 794 1796 habeat,
828 1744 900 1787 eum
931 1722 1044 1787 nullius
1074 1724 1120 1786 rei
1143 1720 1182 1786 ad
1203 1725 1285 1787 bene
1306 1723 1475 1791 vivendum

154 1819 310 1904 indigere,
343 1827 436 1901 neget
456 1824 564 1902 postea
587 1818 653 1880 sinc
676 1819 760 1882 bona
779 1817 958 1883 valetudine
986 1837 1078 1902 posse
1106 1819 1188 1881 bene
1215 1819 1303 1883 viri:
1334 1828 1409 1895 aui,
1442 1842 1476 1886 se

154 1912 255 1977 amico
277 1911 387 1976 adesse
409 1917 537 1997 propior
558 1908 831 1990 benevolentiam3
864 1931 991 1998 sperare
1012 1910 1094 1974 enim
1117 1909 1235 1997 aliquid
1256 1916 1412 1979 commodi
1436 1914 1475 1979 ad

154 2014 446 2093 superventurum.
497 2009 547 2070 ot.
572 2004 753 2071 Adversum
776 2015 844 2080 est,
879 2007 963 2091 quod
985 2004 1046 2089 ipsi
1067 2023 1179 2068 causae
1201 2003 1303 2091 aliqua
1325 2028 1366 2072 ex
1388 2017 1475 2094 parte

153 2097 274 2176 officit,
299 2108 351 2173 ut,
374 2098 400 2163 si
423 2098 477 2182 qui
499 2098 635 2164 hostium
663 2099 725 2164 vim
754 2109 785 2163 et
811 2098 917 2185 copias
939 2108 971 2162 et
991 2097 1170 2162 felicitatem
1193 2108 1321 2184 augeat,
1343 2123 1414 2166 cum
1436 2105 1475 2167 ad

116 2195 353 2281 repugnandum
375 2192 489 2259 milites
511 2192 702 2259 adhortetur.
749 2192 781 2259 si
803 2212 866 2257 non
888 2195 927 2256 ad
950 2191 1000 2268 id,
1031 2194 1115 2278 quod
1138 2194 1326 2271 instituitur,
1354 2215 1477 2260 accom-

152 2287 334 2354 modabitur
354 2286 457 2374 aliqua
479 2309 552 2371 pars
568 2287 861 2372 argumentationis,
884 2290 997 2351 bomm
1012 2285 1117 2372 aliquo
1139 2285 1172 2350 in
1187 2285 1265 2350 viiio
1280 2287 1473 2374 reperietur:

153 2385 180 2448 si
200 2384 291 2469 plura
312 2380 467 2467 pollicitus
499 2382 648 2465 pauciora
678 2377 925 2458 demonstrabit;
960 2389 1013 2444 aut
1039 2381 1085 2456 si,
1116 2401 1187 2445 cum
1215 2390 1315 2446 icium
1348 2382 1477 2446 debebit

153 2479 339 2552 ostendere,
364 2479 402 2540 de
419 2485 505 2563 parte
520 2475 625 2562 aliqua
641 2476 805 2562 loquatur,
829 2478 890 2540 boc
904 2474 1018 2540 modo:
1048 2475 1217 2540 Mulierum
1233 2496 1332 2559 genus
1347 2495 1475 2541 avarum

153 2579 216 2647 est;
239 2592 308 2635 nam
325 2571 475 2655 Eriphyla
497 2591 575 2636 auro
598 2570 657 2637 viri
679 2573 774 2634 vitam
796 2569 956 2646 vendidit;
988 2576 1043 2633 aui
1064 2568 1092 2633 si
1117 2589 1181 2634 nou
1202 2568 1253 2646 id,
1277 2571 1362 2655 quod
1384 2589 1476 2634 accu-

115 2662 285 2739 secabitur,
308 2666 472 2739 desendet,
495 2673 549 2737 ut,
573 2663 694 2750 siqui,
717 2685 788 2728 cnm
812 2661 945 2728 ambitus
968 2660 1182 2737 accusabitur,
1205 2684 1299 2728 manu
1314 2684 1348 2727 sc
1362 2663 1476 2729 sortem

155 2780 223 2825 esse
245 2757 412 2846 delendpt;
434 2767 471 2824 ut
491 2759 648 2841 Amphion
670 2761 753 2842 apud
775 2758 974 2844 Euripidem,
998 2758 1073 2823 ilem
1095 2758 1178 2843 apud
1200 2762 1387 2836 Pacuvium,
1411 2761 1475 2846 qui,

151 2852 326 2939 vituperata
349 2853 483 2929 musica,
519 2854 701 2935 sapientiam
724 2852 847 2929 laudat;
882 2863 935 2916 aut
955 2852 982 2916 si
1003 2874 1055 2917 res
1076 2873 1116 2918 ex
1137 2853 1274 2919 hominis
1295 2855 1374 2920 vitio
1396 2857 1477 2921 vitu·

151 2947 329 3034 parabitur,
353 2955 398 3022 ut,
423 2946 448 3011 si
473 2947 526 3033 qui
542 2945 715 3011 doctrinam
738 2968 777 3010 ex
800 2945 929 3011 alicuius
952 2944 1036 3011 docti
1059 2946 1135 3011 vitio
1152 2950 1383 3031 reprebendat;
1406 2959 1472 3025 aut,

152 3041 273 3127 siqui,
308 3061 380 3104 cum
403 3040 536 3126 aliquem
559 3043 645 3104 volet
666 3041 816 3115 laudare,
854 3043 892 3105 de
913 3039 1062 3105 felicitate
1085 3044 1176 3117 eius,
1214 3062 1278 3108 non
1299 3041 1339 3108 de
1361 3044 1475 3110 virtute

114 3133 251 3210 mdicat3
286 3143 339 3201 aut
367 3132 393 3198 si
416 3133 560 3218 quirem
583 3153 653 3198 cum
676 3134 773 3198 reita
796 3135 1010 3219 comparabit,
1038 3135 1225 3200 utalteram
1247 3159 1366 3203 senon
1388 3146 1476 3225 putet

151 3227 293 3303 laudare,
317 3226 376 3292 nisi
399 3230 529 3292 alteram
551 3227 756 3313 vituperarit;
792 3231 855 3291 aut'
866 3226 893 3292 si
916 3230 1044 3293 alteram
1066 3229 1110 3295 ita
1132 3233 1255 3308 laudet,
1291 3240 1326 3296 nt
1346 3235 1475 3298 alterius

52 3346 59 3364 ·
151 3342 215 3387 nou
236 3321 328 3386 iaciat
348 3319 559 3398 mentionem;
584 3324 634 3386 95.
656 3330 709 3386 aut
731 3323 774 3398 si,
800 3343 870 3386 eum
893 3320 931 3387 de
954 3332 1040 3388 certa
1063 3348 1096 3389 re
1120 3334 1304 3412 quaeretur,
1327 3330 1366 3391 de
1390 3347 1476 3393 com-

151 3415 238 3481 muni
254 3415 434 3480 instituetur
448 3415 569 3489 oratio,
592 3424 645 3492 ut,
669 3423 694 3481 si
711 3419 778 3502 qui,
804 3438 874 3482 cnm
890 3418 985 3505 aliqui
1001 3417 1196 3495 deliberent,
1218 3419 1336 3486 bellum
1351 3428 1473 3504 gerant,

151 3529 190 3573 an
205 3530 290 3584 non,
312 3530 421 3596 pacem
443 3512 549 3576 laudet
564 3510 715 3585 omnino,
739 3533 803 3577 non
817 3511 893 3576 illud
909 3510 1027 3579 bellum
1043 3516 1153 3579 inutile
1169 3535 1236 3579 esse
1259 3513 1474 3593 demonstret;

114 3611 206 3675 ssaut
238 3603 265 3668 si
297 3605 377 3669 ratio
408 3604 540 3670 alicuius
568 3609 615 3670 rei
644 3609 796 3671 reddetur
831 3606 924 3684 salsa,
964 3608 1024 3673 boc
1046 3612 1163 3675 modo:
1201 3609 1334 3674 Pecunia
1357 3607 1475 3675 bonnm

1225 3751 1476 3768 Q——a

220 3842 246 3890 1.
265 3843 312 3906 qui
330 3840 374 3890 rit
393 3840 506 3903 sitique:
538 3845 597 3907 quis
615 3843 699 3902 ATE:
729 3850 755 3894 ei
778 3847 817 3894 stc
842 3849 868 3894 in
893 3859 969 3908 seqq.
995 3845 1137 3909 aliquoties
1162 3847 1283 3898 dedimus
1310 3861 1340 3898 es
1368 3851 1475 3911 optimis

151 3910 235 3963 Codd.
257 3936 287 3948 -
307 3913 333 3960 P.
355 3911 463 3961 Oresten
483 3912 511 3959 Ρ.
533 3938 562 3949 »—
583 3913 609 3962 3.
631 3911 751 3979 cupetur]
772 3915 1080 3979 aestuaremus.
1101 3931 1137 3967 m.
1158 3917 1213 3967 AT.
1241 3918 1328 3968 «Pori.
1349 3921 1476 3982 arquitur

152 3983 205 4036 Cir.
224 3983 254 4032 L.
273 3984 299 4042 2,
319 3982 362 4042 ld,
382 3982 425 4032 78.
462 3982 566 4033 Relatio
585 3986 702 4034 criminis
721 3989 773 4046 esi,
795 4000 851 4035 cum
869 4001 929 4036 reus
947 3986 990 4044 id,
1020 3989 1088 4050 quod
1107 3992 1250 4051 arquitur,
1277 3987 1409 4048 consessus
1427 3995 1474 4039 esi.

151 4055 184 4107 de
199 4054 271 4104 Orat.
286 4055 312 4112 3,
328 4053 371 4111 iti,
383 4053 433 4102 'liis
456 4066 555 4114 neqare
568 4064 703 4117 oportere,
722 4057 794 4119 quod
805 4070 952 4119 aequare.»
966 4058 1046 4108 Bnrr.
1068 4084 1096 4094 -
1117 4059 1143 4108 1.
1166 4056 1278 4121 illicem]
1305 4060 1397 4109 liticen
1415 4065 1476 4115 istc)

150 4125 227 4183 PAT,
251 4124 363 4187 Ulyssem
377 4124 407 4173 ii.
422 4149 449 4157 -
474 4123 500 4170 6.
516 4125 617 4172 duetus
628 4125 698 4175 ART
717 4134 745 4176 et
762 4139 829 4177 corr.
845 4128 873 4176 P.
888 4153 921 4163 -
939 4128 1009 4178 dicat
1027 4128 1129 4178 PART.
1141 4154 1173 4165 -
1187 4130 1213 4180 8.
1227 4132 1391 4180 inionesram
1408 4128 1474 4196 rem]

149 4196 339 4246 indomitatem
357 4195 387 4250 P,
407 4199 437 4242 ui
455 4195 606 4245 coniectura
626 4195 700 4246 dedit
712 4197 773 4248 Seb-
809 4199 843 4246 Ai
862 4205 901 4247 esi
919 4211 976 4248 roe.
997 4199 1224 4257 Tertullianeum,
1241 4213 1294 4251 non
1314 4200 1474 4252 Tullianum.

151 4265 179 4315 Si
198 4266 263 4330 quid
283 4265 456 4320 mutandum,
487 4264 575 4313 metim
593 4266 894 4320 honestamrattonem.
924 4275 953 4318 ut
977 4270 1036 4319 Lib.
1056 4271 1087 4327 2,
1113 4268 1142 4333 5.
1168 4271 1219 4321 32:
1250 4273 1336 4320 minus
1354 4271 1477 4322 honestae

149 4338 261 4386 rationi.
282 4336 334 4386 Ori.
354 4335 487 4396 (Probarti
514 4335 581 4383 lianc
607 4340 676 4385 coni.
705 4338 922 4397 Lindemannue,
948 4342 975 4389 in
995 4354 1025 4390 eo
1046 4348 1132 4391 tamea
1158 4341 1254 4399 lelsus,
1284 4342 1354 4405 quod
1382 4346 1474 4403 prioris

151 4407 222 4457 Bdit.
251 4407 270 4457 Ι.
297 4405 379 4467 (eit.)
404 4406 542 4467 explicarit
566 4405 730 4468 Lambinus.)
758 4430 784 4441 -
817 4410 858 4458 10.
885 4409 1066 4474 iudiciariam]
1094 4414 1236 4476 aurariam
1254 4413 1276 4462 ii
1295 4425 1354 4461 cum
1375 4414 1472 4464 multis.

151 4477 203 4530 Sed
223 4478 282 4527 ride
303 4478 374 4526 Oud.
404 4502 432 4513 -
463 4483 558 4527 contra
576 4477 675 4527 dieitur
699 4483 778 4543 atque
800 4479 821 4527 is'
845 4479 890 4528 AT
909 4488 935 4529 et
954 4493 993 4542 pr.
1014 4483 1052 4530 P:
1079 4490 1172 4532 contra
1191 4497 1222 4533 ea
1239 4484 1339 4532 dieitur
1360 4490 1438 4549 atque
1455 4485 1476 4533 ii

150 4560 217 4599 corr.
233 4548 267 4604 P,
288 4554 381 4597 cantra
399 4561 430 4596 ea
446 4547 560 4608 dieitur,
581 4562 646 4610 quae
663 4549 684 4596 ii
696 4547 726 4598 E.
743 4572 773 4584 -
793 4550 835 4598 ta.
855 4549 1024 4600 Macedonem
1041 4551 1126 4602 dicens
1145 4562 1237 4602 eontra
1250 4554 1318 4603 PAR
1338 4560 1364 4603 et
1383 4568 1423 4617 pr.
1440 4555 1472 4602 T.

152 4642 181 4654 -
203 4617 245 4666 td.
265 4618 319 4666 otoi
337 4617 383 4667 AT
404 4624 430 4668 et
449 4630 488 4678 pr.
509 4618 546 4667 P:
571 4618 660 4666 uiuere
679 4618 699 4667 Ε
718 4631 777 4668 cum
798 4620 820 4669 ii
840 4627 866 4670 et
885 4633 951 4670 corr.
972 4620 1001 4670 P.
1033 4645 1060 4659 -
1094 4620 1151 4687 out]
1172 4632 1220 4673 aui
1246 4628 1304 4675 aiut
1322 4624 1383 4674 Scis.
1404 4628 1472 4674 coni.

151 4689 214 4740 Sine
234 4687 285 4737 uiis
305 4701 400 4744 cause:
433 4701 492 4738 nam
512 4703 542 4739 es
562 4687 685 4748 praeced.
705 4696 780 4753 nepot
798 4691 872 4740 incile
892 4691 919 4740 ir.
940 4691 956 4739 i.
978 4694 1082 4743 elicitur
1099 4694 1180 4744 dicat.
1203 4695 1255 4746 Ori.
1277 4720 1306 4729 -
1328 4695 1371 4744 17.
1393 4692 1472 4758 enim]

150 4761 281 4812 tamenin
301 4771 390 4808 rasum
409 4759 527 4818 corr.P,
560 4763 641 4808 eisic
660 4759 703 4809 siit
723 4762 841 4811 nonnulli
872 4761 956 4825 (quod
975 4764 1178 4826 protrudent,
1199 4771 1286 4815 autem
1305 4766 1336 4814 ti.
1376 4766 1428 4815 Sed
1448 4779 1473 4815 r.

149 4829 219 4882 emm
236 4827 329 4878 clarius
348 4832 477 4879 enuntiati
497 4833 692 4890 perversitatem
711 4832 879 4884 demonstret.
901 4832 952 4882 On.
969 4857 999 4869 -
1018 4834 1061 4885 at.
1082 4836 1210 4899 drtpltpio
1223 4836 1329 4888 PARTs
1351 4836 1475 4903 Enpipis

151 4900 184 4955 it.
205 4923 235 4937 -
254 4897 298 4947 28.
316 4899 381 4949 uitio
399 4897 507 4960 PART,
528 4898 601 4950 Letd.
621 4899 688 4953 libs
708 4902 781 4954 vitiis
799 4902 830 4956 E.
852 4926 882 4940 -
902 4901 946 4953 ³³.
966 4904 1013 4971 qui
1031 4917 1084 4957 om.
1103 4904 1206 4960 Pani.
