3232 5392
163 208 228 276 Μ
757 207 909 274 BRUTUS

163 375 270 456 specta
292 373 341 433 est
360 367 526 452 utriusque
547 363 694 429 nostrum
715 365 901 431 exercitatio
924 365 1033 448 paullo
1054 371 1147 440 ante,
1171 381 1265 450 quam
1286 360 1493 450 perterritum

164 463 263 528 armis
283 463 347 527 hnc
368 463 523 535 studium,
546 458 667 532 Brute,'
689 466 831 523 nestrum
854 457 1005 525 conticuit
1025 455 1130 523 subito
1153 466 1186 523 et
1207 458 1382 534 obmutuit3
1420 476 1493 522 cum

163 555 236 642 lege
256 557 406 639 Pompeia
427 554 524 619 ternis
546 551 635 616 boris
656 549 696 616 ad
718 551 884 617 dicendum
907 551 1002 629 datis,
1024 554 1066 617 ad
1087 571 1202 618 causas
1217 551 1390 618 simillimas
1408 551 1493 616 inter

165 670 202 716 se
222 649 273 715 vel
294 648 399 737 potius
420 645 545 712 easdem
566 645 642 713 novi
662 644 864 712 veniebamus
886 648 1040 732 quotidie.
1085 645 1209 725 Quibus
1237 645 1365 731 quidem
1393 646 1497 710 musis

141 751 200 811 stu
221 744 329 819 etiam,
352 748 464 817 Brute,
486 749 615 824 praesto
637 738 725 806 luisti
745 740 986 827 compluresque
1001 748 1033 805 et
1046 739 1213 838 nqb‘scum
1234 749 1268 805 et
1281 740 1368 806 solus
1383 737 1494 824 egisti,

164 847 202 906 nt
229 841 284 926 qni
312 858 376 903 non
407 835 481 902 satis
503 834 558 900 diu
579 837 694 902 vixerit
715 836 903 900 Hortensius
926 843 1030 900 tamen
1053 837 1286 901 bonacursum
1309 832 1494 900 confecerit.

164 936 264 1000 Annis
284 940 356 999 ante
377 929 487 996 decem
509 949 618 994 causas
640 950 735 1013 agere
757 927 878 1012 coepit,
901 949 995 1014 quam
1020 936 1055 994 tn
1077 949 1112 994 es
1136 937 1244 1008 natns;
1275 928 1360 995 idem
1383 937 1495 1017 quarto

165 1037 199 1094 et
218 1027 413 1111 sexagesimo
433 1045 536 1100 anno,
559 1024 724 1110 perpaucis
744 1030 816 1088 autc
838 1032 972 1089 mortem
995 1021 1126 1100 diebus,
1149 1044 1213 1090 una
1227 1031 1330 1090 tecum
1346 1043 1494 1090 socerum

147 1131 254 1190 tunm
282 1118 422 1186 defendit
447 1118 596 1204 Appium.
641 1115 773 1183 Dicendi
800 1124 907 1182 autem
934 1138 1034 1202 genus
1062 1120 1148 1203 quod
1170 1117 1321 1184 fueritin
1342 1126 1494 1206 utroque,

127 1215 328 1285 novatianas
349 1215 515 1298 utriusque
536 1211 633 1277 ctiam
654 1210 790 1296 posteris
810 1210 928 1277 nostris
949 1211 1143 1278 indicabunt.

249 1312 345 1378 XCV.
368 1311 441 1374 825.
463 1309 541 1380 Sed.
563 1305 591 1372 si
605 1305 805 1393 quaerimus,
820 1302 1074 1372 curadnlescens
1089 1308 1188 1392 maqls
1200 1304 1346 1374 floruerit
1359 1307 1495 1374 dicendo

166 1427 261 1494 quam
282 1404 391 1477 senior
410 1400 616 1478 Hortensius,
650 1421 758 1467 causas
788 1400 983 1485 reperiemus
1004 1402 1183 1467 verissimas
1205 1404 1293 1468 duas.
1336 1404 1495 1478 Primum,

167 1501 253 1588 quod
285 1518 384 1584 genus
415 1504 483 1562 erat
513 1494 668 1561 orationis
697 1493 888 1569 Asiaticum,
921 1492 1153 1560 adolescentiae
1181 1498 1283 1580 magis
1310 1515 1497 1563 concessum

167 1613 262 1682 qnam
283 1593 448 1659 senectuti.
494 1593 618 1656 Genera
638 1597 745 1654 autem
765 1586 921 1654 Asiaticae
942 1586 1087 1656 dictionis
1109 1588 1173 1656 dnn
1194 1599 1283 1656 suot:
1306 1612 1405 1658 nuum
1428 1611 1500 1657 sen-

128 1691 337 1755 sstentiosum
373 1695 406 1752 et
435 1692 601 1770 argutum,
638 1682 801 1750 sententiis
830 1702 895 1748 non
923 1690 986 1748 mm
1016 1681 1164 1769 gravibus
1193 1693 1224 1751 et
1247 1686 1366 1752 severis
1402 1706 1497 1771 quam

168 1781 330 1852 concinnis
357 1789 393 1847 et
422 1776 578 1857 venustis;
615 1777 717 1863 qualis
744 1780 778 1844 in
806 1776 941 1844 historia
969 1777 1131 1855 Timaeus,
1165 1780 1198 1844 in
1227 1779 1362 1847 dicendo
1393 1789 1498 1846 autem

167 1880 277 1967 pueris
296 1876 399 1942 nobis.
413 1871 577 1940 Hierocles
596 1870 813 1949 Alabandeus,
848 1872 950 1957 magis
971 1872 1066 1939 etiam
1086 1873 1260 1951 Heuecles,
1295 1873 1392 1941 frater
1413 1874 1499 1951 eius,

169 1973 244 2051 fnit3
275 1989 412 2058 quorum
434 1968 599 2052 utriusque
620 1965 781 2032 orationes
803 1973 874 2031 snut
895 1967 1068 2054 imprimis,
1091 1977 1127 2034 ut
1147 1969 1283 2034 Asiatico
1305 1968 1338 2034 in
1361 1988 1498 2052 genere,

170 2062 354 2135 laudabiles.
397 2059 492 2127 Aliud
523 2067 627 2125 autem
661 2080 761 2144 genus
793 2067 841 2126 est
871 2083 934 2131 oon
966 2071 1029 2128 tam
1069 2061 1235 2127 sententiis
1268 2060 1501 2149 frequentatum

131 2181 265 2249 aequam
285 2158 393 2225 verbis
413 2155 542 2222 volnere
563 2162 658 2241 atque
679 2153 858 2233 incitatum,
882 2156 968 2245 quali
990 2163 1039 2221 est
1059 2177 1142 2221 nnuc
1159 2157 1232 2221 Asia
1253 2163 1336 2232 tota,
1362 2177 1420 2222 nec
1442 2154 1501 2221 flu·

170 2254 255 2321 mine
277 2253 380 2320 solum
401 2249 572 2325 emtionis,
608 2251 664 2313 sed
694 2248 789 2314 etiam
816 2260 971 2317 exornato
993 2257 1027 2315 et
1045 2248 1149 2315 laceto
1171 2269 1288 2335 genere
1309 2248 1499 2328 verbo'rnm;

170 2350 204 2415 in
226 2368 290 2434 qno
311 2344 371 2412 fuit
389 2343 564 2429 Aeschylus
587 2341 715 2408 Cnidius
737 2351 769 2408 et
790 2364 879 2410 meus
907 2344 1047 2430 aequalis
1076 2344 1215 2411 Milesius
1235 2346 1419 2410 Aeschines.
1465 2347 1501 2409 ln

170 2443 221 2510 bis
245 2449 314 2508 erat
341 2437 532 2506 admirabilis
564 2437 715 2503 orationis
743 2460 871 2514 cursus,
909 2446 1021 2505 ornata
1049 2438 1275 2504 sententiarum
1306 2440 1502 2504 concinnitas

170 2557 236 2605 non
259 2543 337 2600 erat.
381 2537 456 2599 326.
479 2533 567 2597 Haec
588 2539 709 2607 antem,
731 2540 768 2597 nt
788 2532 873 2611 dixi,
900 2531 1163 2617 generedicendi
1185 2536 1309 2618 aptiora
1332 2542 1404 2599 sunt
1425 2537 1503 2598 ado·

133 2627 378 2706 valescentibus3
400 2627 434 2693 in
455 2625 583 2692 senibus
606 2623 792 2710 gravitatem
813 2648 878 2692 nen
900 2626 1026 2693 babent
1068 2629 1180 2714 ltaque
1201 2630 1390 2695 Hortensius
1413 2637 1504 2695 ntro·

172 2745 235 2814 qne
256 2720 510 2810 generaliorem
531 2722 684 2786 clamores
705 2718 841 2785 iaciebat
868 2720 1064 2786 adolescens.
1108 2724 1254 2787 Habebat
1277 2724 1361 2788 euim
1383 2730 1416 2788 et
1437 2727 1504 2789 lle-

171 2818 310 2888 nenlinm
330 2815 409 2882 illud
426 2813 563 2881 studium
578 2816 762 2880 crebrarum
777 2822 1040 2901 venmtarumque
1055 2817 1300 2896 sententiarum
1324 2816 1501 2904 inquibus,

172 2923 208 2983 ut
228 2917 261 2979 in
282 2912 338 2979 illo
362 2915 495 2985 Graeco,
528 2908 574 2974 sic
600 2910 634 2974 in
658 2909 722 2974 boc
749 2917 838 2974 erant
858 2908 1014 2994 quaedam
1036 2915 1135 2996 magis
1156 2921 1307 2978 venustae
1330 2914 1502 2998 dulcesque

172 3010 348 3076 sententiae
370 3025 463 3093 quam
486 3012 541 3068 aut
561 3004 757 3068 necessariae
778 3011 832 3068 aut
853 3002 1011 3070 interdum
1033 3007 1146 3085 utiles3
1172 3013 1288 3072 etevat
1305 3009 1407 3073 oratio
1430 3027 1503 3072 cnm

135 3105 301 3170 snincitata
323 3107 355 3167 et
375 3098 521 3174 vibrans,
543 3106 610 3163 tum
632 3099 728 3163 etiam
747 3106 891 3164 accurata
906 3106 938 3163 et
951 3098 1062 3182 polita.
1107 3102 1177 3165 Nou
1191 3099 1410 3184 probabantur
1424 3100 1502 3166 baec

173 3197 302 3264 senibus
323 3229 364 3242 -
395 3212 490 3278 saepe
519 3190 665 3257 videbam
693 3211 764 3257 cum
793 3190 993 3270 irridentem,
1029 3202 1095 3258 tum
1125 3196 1218 3259 etiam
1249 3198 1437 3262 irascentem
1471 3202 1503 3259 et

174 3291 422 3356 stomachantem
450 3284 631 3369 Philippum
659 3308 722 3363 -;
756 3288 813 3351 sed
842 3288 1039 3354 mirabantur
1067 3289 1299 3366 adolescentes,
1335 3286 1502 3355 multitudo

174 3387 379 3461 movebatur;
427 3384 500 3447 327.
533 3388 601 3446 erat
628 3378 786 3446 excellens
814 3381 932 3446 indicio
962 3381 1048 3466 vulgi
1069 3390 1101 3447 et
1121 3381 1212 3449 facile
1233 3386 1352 3468 primas
1373 3385 1503 3449 tenebat

175 3473 368 3543 adolescens.
412 3478 481 3542 Etsi
509 3477 593 3542 enim
620 3496 719 3561 genus
748 3474 824 3541 illud
846 3475 972 3541 dicendi
993 3480 1186 3544 auctoritatis
1207 3475 1346 3544 babebat
1366 3498 1500 3562 parum,

138 3579 280 3638 acumen
301 3580 409 3657 aptum
432 3590 502 3636 esse
523 3571 618 3636 aetati
639 3566 820 3647 videbatur;
857 3579 1012 3647 atcerte,
1047 3570 1132 3658 qnod
1153 3581 1184 3638 et
1206 3572 1324 3658 ingenii
1347 3575 1504 3657 quaedam

175 3664 278 3733 forma
301 3668 428 3732 lucebat
448 3673 478 3730 et
501 3663 723 3730 exercitatione
744 3662 884 3750 perfecta
906 3672 973 3729 erat
993 3668 1228 3753 verborumque
1247 3668 1393 3732 adstricta
1415 3686 1504 3732 com

175 3759 362 3848 prehensio,
396 3777 550 3824 summam
569 3756 733 3824 hominum
755 3756 995 3825 admirationem
1017 3761 1184 3831 excitabat.
1229 3763 1310 3838 Sed,
1345 3782 1417 3826 cum
1438 3761 1504 3826 iam

176 3857 317 3923 bonores
338 3862 370 3919 et
390 3855 445 3919 illa
467 3853 573 3918 senior
593 3850 764 3918 auctoritas
785 3853 910 3936 gravius
932 3854 1080 3939 quiddam
1102 3857 1293 3939 requireret,
1319 3858 1504 3921 remanebat

177 3950 270 4015 idem>
283 3967 342 4014 nec
363 3949 495 4012 decebat
515 3944 618 4024 idem;
646 3948 795 4030 qnodque
817 3944 1075 4013 exercitationem
1096 3948 1295 4038 studiumque
1328 3948 1501 4025 dimiserat,

140 4041 265 4131 acquod
284 4043 319 4109 iu
339 4063 378 4107 eo
400 4043 505 4107 luerat
524 4043 729 4114 acerrimum,
752 4041 944 4107 concinnitas
965 4041 1018 4107 illa
1040 4046 1252 4131 crebritasque
1277 4045 1504 4110 sententiarum

179 4138 309 4226 pristina
330 4140 495 4214 manebat,
529 4138 585 4201 sed
607 4154 645 4201 ea
668 4134 784 4201 vestitu
805 4133 861 4199 illo
883 4134 1051 4213 orationis,
1086 4157 1150 4225 quo
1173 4147 1355 4211 consuerat,
1391 4143 1502 4203 ornata

179 4253 244 4300 uon
266 4239 344 4304 erat.
387 4232 456 4297 Hoc
477 4231 535 4297 tibi
556 4229 625 4307 ille,
647 4232 757 4305 Brute,
780 4230 883 4294 minus
904 4229 1036 4295 fortasse
1055 4230 1189 4316 placuit,
1212 4252 1306 4320 quam
1321 4231 1501 4318 placuisset,

251 4432 279 4487 ’1.
298 4434 417 4499 idemque
435 4443 494 4485 cnm
513 4431 536 4483 n
552 4431 608 4484 sola
624 4429 727 4496 Heyer.
753 4454 786 4467 -
815 4430 859 4481 12.
878 4433 993 4494 prtem
1012 4430 1116 4486 volebat
1135 4433 1198 4483 uro.
1229 4457 1263 4468 -
1294 4432 1338 4490 20.
1358 4433 1434 4499 qunti
1451 4428 1499 4496 est]

180 4505 268 4570 quatis
286 4510 324 4558 est
341 4504 405 4556 Scb.
425 4505 495 4555 caut.
515 4527 549 4538 -
566 4501 610 4552 2³.
629 4501 670 4552 tis
688 4501 735 4565 La.
755 4514 846 4553 omnes
865 4508 970 4564 praeter
986 4501 1048 4561 20..
1073 4506 1136 4555 item
1155 4503 1222 4555 Van.
1242 4503 1268 4555 1.
1288 4503 1381 4555 ottob.
1401 4504 1455 4554 Gn.
1475 4507 1501 4556 1.

180 4577 208 4627 t.
222 4576 263 4628 n:
284 4578 317 4627 tts
329 4588 388 4628 cum
407 4573 453 4638 ις.
468 4573 514 4624 20.
533 4576 560 4624 ct
571 4571 639 4623 lldd.
653 4573 786 4635 plerisque
798 4573 830 4623 ll.
846 4597 875 4609 -
896 4573 940 4623 30.
956 4572 1105 4634 probantur
1123 4573 1181 4624 llbrt
1195 4579 1222 4626 st
1232 4574 1266 4626 lt.
1287 4574 1405 4627 Correxit
1418 4575 1502 4633 liuns

181 4646 245 4698 tllud
260 4645 384 4710 praetulit
392 4643 481 4697 Peter.
495 4667 527 4680 -
541 4641 585 4694 ct.
599 4642 632 4695 V·
647 4644 796 4694 adolescens
808 4642 936 4694 suadente
948 4641 1117 4708 Bernhardyc
1128 4644 1236 4696 acclustt
1246 4645 1361 4697 Ellendt·
1375 4667 1408 4682 ··
1419 4645 1464 4698 db.
1479 4649 1505 4694 st

182 4723 242 4771 ante
260 4731 286 4767 v.
305 4717 404 4782 tepenti
422 4729 481 4768 cum
500 4712 553 4767 tin.
573 4715 600 4766 1.
619 4714 646 4766 2.
664 4713 759 4765 Dresd·
779 4714 904 4776 expunxit
921 4712 1009 4765 Peter.
1027 4739 1057 4751 -
1077 4714 1121 4765 dd.
1140 4715 1256 4766 elucebat
1267 4715 1360 4768 lamb.
1374 4719 1502 4778 susptcto.

181 4812 215 4824 -
233 4789 388 4839 messario
406 4797 466 4839 cnm
481 4785 506 4836 R
516 4785 573 4838 sola
585 4783 779 4850 Bernhardyus.
793 4809 827 4819 -
844 4783 999 4848 aetnam,
1017 4790 1127 4850 cratque
1144 4786 1276 4838 adstricta
1289 4799 1320 4839 cs
1333 4786 1502 4838 sntsDEFti.

181 4856 271 4911 Peter.
286 4883 315 4896 -
335 4857 380 4910 tr.
399 4861 538 4910 mures
549 4855 597 4923 ιι.
615 4862 719 4922 praeter
730 4854 776 4907 20.
789 4853 854 4918 5³„
872 4858 936 4907 ttem
955 4853 1022 4910 Vcn.
1036 4857 1062 4907 1.
1084 4855 1141 4910 Vct.
1156 4855 1246 4910 ottob.
1258 4870 1267 4911 s
1285 4863 1457 4912 conservant
1469 4857 1502 4909 ll.
