3232 5392
561 256 636 322 LlB.
658 255 711 321 IV.
753 257 787 321 C.
811 256 861 319 ta.
885 254 938 318 20.
963 253 1015 316 21.
1411 257 1451 320 63

126 423 251 499 potest,
276 411 331 499 qui
352 434 424 478 suas
446 415 584 479 rationes
607 434 717 478 omnes
738 414 771 477 in
794 433 898 477 casum
921 412 1144 488 contulerrmt,
1168 433 1232 476 non
1255 422 1327 477 sunt
1348 417 1453 480 omnia

126 512 351 577 committenda
372 508 540 586 fortunae,
578 529 619 573 ne
642 529 785 592 magnam
808 509 900 572 nimis
922 510 954 571 in
976 529 1034 572 uos
1055 507 1171 573 babeat
1192 508 1450 574 dominationem.
1550 499 1558 524 ‘

126 610 162 671 ln
193 607 241 670 bis
270 600 371 668 tribus
399 603 568 687 generibus
597 605 638 666 ad
659 602 901 666 continuationis
923 604 986 667 iim
1009 604 1088 665 adeo
1111 600 1319 687 frequentatio
1342 623 1453 667 neces-

128 699 210 764 saria
233 706 301 772 est,
331 705 366 763 ut
386 696 510 762 infirma
531 695 661 761 facultas
684 697 817 761 oratoris
839 699 1000 772 videatur,
1033 694 1093 760 nisi
1116 694 1302 761 seutentiam
1325 704 1356 759 ei
1378 717 1453 762 con-

127 792 258 859 trarium
281 803 313 859 et
335 793 569 856 conclusionem
592 790 806 876 frequentibus
828 790 938 854 efferat
959 793 1075 863 verbis.
1132 792 1193 854 Sed
1220 791 1298 852 alias
1327 810 1475 876 quoqucs

128 908 353 974 nonnunquam
375 908 441 949 non
461 885 597 975 alienum
619 894 682 960 cst,
706 886 829 950 tametsi
851 905 980 948 necesse
1003 905 1067 948 uon
1082 892 1129 948 est
1146 885 1252 968 eloqui
1268 905 1317 948 res
1332 886 1453 970 aliquas

128 1003 186 1069 pcr
207 981 425 1046 huiuscemodi
447 980 710 1044 continuationes.
1167 1052 1170 1058 .

213 1078 285 1140 llll.
309 1076 445 1159 Compar
465 1072 661 1159 appellatur,
696 1079 780 1160 quod
809 1077 905 1139 babet
930 1076 963 1138 in
986 1095 1020 1140 se
1042 1077 1182 1138 membra
1204 1073 1375 1150 orationis,
1414 1077 1463 1139 de‘

129 1172 244 1258 quibus
266 1177 337 1234 ante
359 1169 518 1242 diximus,
553 1187 634 1253 quae
663 1176 806 1233 constent
834 1191 874 1233 ex
899 1171 966 1251 pari
994 1170 1062 1233 fere
1088 1190 1221 1234 numero
1250 1168 1451 1254 syllabarum.

129 1269 199 1335 Hoc
221 1285 286 1329 uon
308 1261 556 1327 dinumeratione
578 1270 686 1325 nostra
719 1259 773 1326 liet
809 1260 891 1343 (nam
925 1264 956 1325 id
980 1264 1107 1348 quidem
1129 1264 1250 1345 puerile
1279 1265 1360 1348 est),
1398 1267 1491 1328 sedro

129 1367 249 1423 tautum
280 1355 390 1420 afferet
419 1376 495 1418 usus
527 1362 559 1418 et
589 1357 774 1419 exercitatio
804 1356 981 1432 facultatis,
1017 1366 1052 1422 ut
1080 1358 1175 1420 animi
1201 1362 1338 1442 quodam
1360 1377 1455 1424 seusu

130 1475 188 1538 par
209 1453 386 1518 membrum
408 1450 564 1534 superiori
586 1448 704 1513 referre
726 1453 904 1533 possimus,
927 1449 988 1516 boc
1010 1455 1129 1516 modo:
1164 1453 1200 1515 ln
1222 1452 1345 1535 proelio
1370 1474 1455 1516 mor·

131 1555 194 1612 tem
215 1555 305 1634 pater
325 1544 509 1630 oppetebat;
533 1544 619 1605 domi
640 1540 723 1606 filius
744 1546 868 1626 nuptias
885 1546 1104 1629 comparabat;
1128 1546 1325 1610 haecomnia
1345 1566 1456 1629 graves

131 1662 222 1707 casus
244 1638 515 1704 administrabant.
561 1638 658 1701 ltem:
697 1639 759 1700 Alii
781 1639 907 1704 fortuna
928 1639 1107 1703 felicitatem
1130 1640 1237 1716 dedit;
1269 1641 1343 1703 huic
1365 1641 1456 1703 indu-

131 1737 207 1800 stria
221 1737 368 1801 virtutem
392 1732 596 1813 comparavit.
641 1733 693 1796 28.
719 1733 754 1794 ln
777 1730 836 1796 boc
859 1755 975 1817 genere
997 1754 1089 1818 saepe
1111 1731 1179 1797 fieri
1201 1740 1319 1818 potest,
1343 1741 1378 1797 ut
1392 1755 1493 1798 nonis

130 1830 222 1913 plane
235 1851 293 1915 par
305 1846 456 1891 numerus
472 1823 512 1888 sit
528 1823 716 1909 syllabarum
733 1832 764 1889 et
778 1833 882 1890 tamen
898 1849 968 1893 esse
983 1829 1147 1900 videatur,
1171 1829 1197 1889 si
1212 1848 1274 1890 una
1292 1836 1346 1890 aut
1363 1827 1457 1892 ctiam

131 1924 229 1989 altera
242 1925 362 2009 syllaba
377 1928 424 1984 θεῖ
437 1919 620 1985 alterutrum
635 1921 762 1984 brevius
777 1928 831 1984 aut
844 1923 883 1996 si,
906 1942 978 1985 cum
993 1923 1025 1984 in
1041 1923 1140 1984 altero
1153 1921 1259 2006 plures
1274 1929 1355 1995 sunt,
1367 1922 1399 1984 in
1414 1920 1458 1985 al-

131 2028 199 2083 tero
215 2020 341 2102 longior
355 2024 408 2080 aut
422 2017 605 2098 longiores,
629 2013 753 2096 plenior
767 2025 820 2079 aut
834 2014 993 2101 pleniores
1014 2015 1151 2100 syllabae
1167 2024 1274 2091 erunt,
1299 2025 1333 2080 ut
1355 2018 1458 2101 longi-

134 2117 208 2178 tudo
235 2121 289 2177 aut
317 2110 478 2197 plenitudo
501 2113 613 2173 barum
636 2107 863 2173 multitudinem
885 2109 1011 2175 alterius
1032 2119 1215 2196 assequatur
1236 2119 1269 2174 et
1289 2118 1454 2196 exaequet.

217 2205 366 2270 Similiter
387 2206 501 2269 cadens
524 2203 688 2266 exornatio
710 2204 906 2286 appellatur,
944 2226 1016 2270 cum
1038 2207 1069 2269 in
1092 2204 1203 2270 eadem
1225 2207 1494 2269 constructionem

132 2305 303 2368 verborum
336 2303 398 2364 duo
431 2306 485 2364 aut
516 2300 606 2384 plura
638 2303 710 2361 suot
741 2299 859 2373 rerba,
897 2320 978 2385 quae
1011 2298 1152 2364 similiter
1185 2301 1298 2363 iisdem
1335 2298 1457 2363 casibus

134 2395 323 2471 efferuntur,
347 2395 410 2457 hoc
431 2394 544 2456 modo:
592 2392 760 2454 Hominem
782 2393 891 2456 laudas
913 2400 1055 2477 egentem
1077 2394 1222 2468 virtutis,
1245 2394 1456 2456 abundantem

133 2488 301 2554 felicitatis.
347 2491 447 2552 ltem:
488 2489 583 2552 Cuius
613 2488 715 2551 omnis
741 2487 773 2550 in
801 2489 934 2570 pecunia
953 2508 1025 2569 spes
1046 2493 1112 2562 est,
1150 2484 1238 2569 [eius]
1264 2507 1282 2550 a
1304 2485 1457 2569 sapientia

134 2592 181 2647 est
202 2583 324 2647 animus
344 2590 495 2648 remotus.
541 2579 709 2663 Diligentia
731 2589 891 2665 comparat
914 2582 1054 2656 divitias,
1079 2580 1270 2665 negligentia
1286 2579 1458 2664 corrumpit

133 2677 294 2753 animum;
326 2684 357 2741 et
377 2685 505 2750 tamen,
541 2696 611 2739 cum
635 2676 677 2738 ita
698 2673 796 2750 vivit,
830 2677 987 2739 neminem
1014 2695 1090 2758 prae
1118 2698 1152 2739 se
1178 2677 1263 2739 ducit
1283 2672 1493 2740 bominemrs

134 2772 284 2835 Similiter
306 2773 452 2835 desinens
474 2777 536 2843 est,
560 2790 653 2842 cum,
678 2767 799 2831 tametsi
820 2788 910 2834 casus
930 2789 995 2833 uon
1016 2768 1122 2834 insunt
1143 2768 1176 2834 in
1197 2771 1320 2845 verbis,
1352 2778 1457 2833 tamen

134 2864 251 2931 similes
273 2868 375 2931 exitus
397 2872 489 2939 sunt,
518 2861 578 2928 hoc
600 2870 710 2945 pacto:
743 2861 891 2948 Turpiter
911 2866 1008 2928 audes
1029 2861 1151 2940 facere,
1187 2866 1330 2950 nequiter
1351 2866 1457 2928 studes

134 2961 251 3024 dicere.
302 2960 389 3027 Vivis
421 2959 599 3033 invidiose,
638 2955 792 3042 delinquis
826 2959 984 3034 studiose,
1022 2957 1161 3045 loqueris
1187 2958 1309 3024 odiose.
1355 2960 1455 3022 ltem:

133 3056 290 3120 Audacter
311 3055 454 3128 territas,
477 3050 637 3117 humiliter
657 3051 773 3136 placas.
818 3050 903 3116 llaec
925 3055 989 3116 duo
1013 3074 1151 3136 genera,
1176 3073 1310 3139 quorum
1325 3051 1458 3119 alierum

134 3149 167 3212 in
199 3150 305 3225 exitu,
351 3149 486 3212 alterum
519 3147 552 3210 in
582 3166 655 3211 casu
687 3147 831 3211 similiter
873 3154 1038 3223 versatur,
1073 3149 1155 3212 inter
1192 3169 1226 3212 se
1256 3147 1496 3213 vehementerm

134 3241 348 3319 conveniunt3
380 3250 413 3307 et
433 3261 470 3306 ea
493 3261 546 3316 re,
580 3239 628 3305 bis
651 3241 704 3327 qui
726 3243 808 3307 bene
829 3249 980 3319 utuntur,
1006 3244 1193 3329 plerumque
1220 3240 1312 3307 simul
1335 3262 1372 3305 ea
1394 3242 1460 3304 col-

134 3337 241 3401 locant
260 3338 293 3400 in
314 3334 426 3402 iisdem
448 3338 589 3419 partibus
612 3333 774 3400 orationis.
818 3337 854 3399 ld
870 3338 930 3399 boc
953 3338 1049 3401 modo
1071 3335 1174 3402 facere
1201 3342 1351 3420 oportet:
1380 3336 1456 3399 Per·

135 3428 287 3496 ditissima
308 3430 388 3495 ratio
419 3438 466 3494 est
495 3449 634 3494 amorem
660 3436 786 3515 petere,
822 3431 976 3516 pudorem
998 3417 1127 3516 fugere,
1151 3430 1282 3516 diligere
1311 3430 1457 3505 formam,

135 3525 298 3608 negligere
316 3523 444 3589 famam.
489 3526 549 3589 llic
571 3532 602 3589 et
624 3545 662 3588 ea
680 3526 800 3598 verba,
823 3546 904 3609 quae
919 3546 1009 3592 casus
1023 3529 1159 3603 babent,
1183 3530 1223 3592 ad
1237 3546 1328 3592 casus
1342 3524 1459 3591 similes

137 3626 169 3682 et
188 3617 265 3693 illa,
290 3638 369 3704 quae
390 3639 456 3684 non
477 3621 614 3694 babent,
638 3620 677 3682 ad
699 3617 816 3683 similes
838 3622 940 3685 exitus
961 3623 1100 3686 veniunt.
1468 3637 1495 3681 ³⁵

220 3724 307 3786 xxi.
340 3725 392 3787 29.
430 3721 650 3787 donominatio
678 3731 737 3796 est,
771 3742 842 3788 cum
864 3722 903 3788 ad
924 3722 1007 3790 idem
1028 3724 1160 3792 verbum
1183 3733 1215 3791 et
1235 3723 1274 3791 ad
1296 3723 1380 3791 idem
1402 3743 1459 3788 no-

136 3837 209 3881 men
240 3814 399 3882 acceditur
430 3817 672 3883 commutatione
702 3816 795 3882 unius
826 3817 947 3884 litterae
969 3829 1022 3884 aut
1042 3819 1240 3897 litterarum,
1271 3829 1325 3886 aut
1346 3817 1458 3884 adres

137 3908 303 3976 dissimiles
324 3910 437 3976 similia
457 3909 554 3977 verba
576 3917 861 3978 accommodantur.
914 3916 959 3981 Ea
987 3913 1091 3981 multis
1118 3924 1149 3982 et
1169 3915 1265 3982 variis
1285 3909 1459 3980 rationibus

208 4140 493 4191 bintuleruntl'liT.
514 4140 935 4193 -3.mecessuricertPl‘1t'l':
955 4145 1159 4194 caementario
1186 4144 1266 4194 dliii.
1292 4167 1325 4178 -
1354 4142 1380 4192 5.
1401 4141 1460 4207 offe-

138 4216 184 4260 rot
201 4210 327 4271 rabir,
347 4213 444 4278 offerat
461 4213 494 4262 a.
515 4237 544 4248 -
566 4213 609 4262 ted
627 4214 696 4263 olias
714 4213 841 4263 ratur:
860 4220 884 4263 et
897 4214 966 4263 oiim
984 4213 1022 4271 lt.
1042 4217 1087 4265 sed
1104 4223 1128 4264 ei
1147 4214 1308 4265 (133111.-
1324 4212 1352 4261 7.
1373 4213 1461 4260 buius·

138 4282 211 4332 modi
230 4282 312 4342 l'liT,
332 4282 363 4331 1..
383 4308 415 4319 -
448 4286 490 4334 13.
508 4281 596 4346 poter]
614 4297 711 4346 parens
730 4283 752 4333 T
771 4290 798 4334 et
816 4297 857 4346 pr.
876 4285 905 4334 P.
927 4310 955 4320 —
977 4284 1020 4334 tt.
1040 4286 1085 4334 liti
1102 4286 1140 4345 B,
1159 4286 1190 4334 1..
1211 4309 1243 4321 -
1261 4284 1372 4347 fortuna
1389 4282 1461 4331 dedit

139 4353 289 4418 {ebcitotem
308 4352 408 4413 tarr,
429 4351 579 4414 felicitatem
596 4355 708 4417 fortuma
725 4355 796 4404 dedit
815 4354 869 4404 1111.
903 4352 963 4416 (Pro
982 4353 1132 4416 felicitatem
1150 4368 1209 4406 curn
1227 4354 1292 4406 Cod.
1313 4352 1383 4403 Pitb.
1397 4352 1459 4403 sen.

139 4421 317 4489 {ccititotemi
338 4448 366 4458 -
387 4423 430 4473 13.
448 4438 571 4474 numerus
588 4425 623 4473 sit
643 4425 791 4474 entitur:
811 4428 846 4474 eit
863 4437 988 4476 numerus
1006 4426 1084 4475 11.-
1104 4427 1147 4477 17.
1167 4426 1279 4474 adenem
1295 4422 1377 4483 aar,
1397 4423 1461 4474 otte·

139 4496 184 4544 ric
201 4491 261 4558 (etc)
280 4495 309 4544 F.
345 4492 380 4544 lit
397 4508 460 4555 uos,
480 4495 536 4545 RT.
557 4521 588 4532 -
606 4495 650 4543 22.
670 4494 813 4559 efferuntur
831 4495 936 4545 tarr:
956 4494 1100 4560 efferantur
1116 4496 1193 4546 Pltli.
1214 4520 1246 4531 -
1274 4494 1378 4547 taudem
1395 4493 1415 4542 P
1434 4499 1462 4545 et

141 4576 181 4626 pr.
193 4568 226 4614 Λ.
264 4564 323 4614 Non
341 4566 424 4625 maie,
452 4569 473 4616 st
500 4579 546 4628 per
571 4567 803 4627 interrogationem
827 4567 961 4617 efferetur.
987 4568 1038 4617 On.
1069 4591 1100 4602 -
1131 4567 1174 4615 23.
1196 4566 1250 4613 eote
1269 4563 1461 4616 omrarar.

139 4635 193 4687 Nos
211 4636 378 4687 seclusimus.
408 4661 438 4672 -·
469 4635 512 4685 30.
532 4638 604 4687 exitu
622 4635 881 4687 cibran-mima
899 4637 930 4686 ii·
951 4662 984 4674 -
1012 4639 1042 4686 in
1059 4650 1120 4686 com
1137 4635 1257 4685 similiter
1280 4635 1412 4685 Parare
1431 4636 1463 4682 io

141 4718 217 4755 casus
234 4707 407 4756 similitudine
426 4706 485 4757 liet
503 4706 563 4757 fort.
582 4707 613 4755 lt.
631 4733 658 4743 -
680 4705 722 4756 31.
742 4709 787 4771 qui
804 4707 843 4757 tis
854 4706 959 4767 lll'lil',
979 4710 1024 4770 qui
1040 4709 1082 4756 uis
1100 4719 1139 4768 pr.
1153 4706 1183 4756 P.
1204 4705 1255 4768 (uis
1268 4706 1319 4758 del.
1336 4719 1403 4757 corr.
1418 4702 1461 4767 P.)

141 4776 175 4826 lit
193 4789 257 4835 nos,
276 4777 299 4826 a
319 4784 345 4828 et
362 4777 439 4826 Voss.
459 4777 481 4826 1.
504 4804 533 4814 -
554 4777 598 4826 ³·2.
616 4775 694 4826 modo
713 4777 846 4827 adurar
864 4778 977 4841 sitique:
994 4785 1075 4841 pecto
1094 4777 1125 4827 11.
1144 4802 1177 4813 -
1195 4777 1239 4826 aa.
1260 4779 1295 4827 od
1313 4779 1380 4828 idem
1400 4781 1461 4826 aute

141 4861 167 4901 r.
183 4860 277 4897 nomen
295 4862 348 4899 om.
366 4847 463 4901 Pura.
492 4873 524 4884 -
554 4846 598 4896 37.
618 4850 822 4900 commutatione
838 4845 878 4900 mi
895 4850 974 4899 uniat
992 4861 1033 4910 pr.
1054 4847 1090 4904 Ρ,
1109 4850 1310 4900 commutatione
1329 4848 1371 4900 oei
1386 4847 1462 4900 uitt-

141 4919 211 4971 tione
227 4920 308 4971 anim
325 4919 348 4971 Τ
366 4926 393 4971 et
410 4931 477 4971 corr.
498 4918 591 4971 erdem
610 4931 644 4969 m.
657 4917 688 4968 P.
