3232 5392
40 281 48 296 ,
165 213 229 280 aso
699 210 754 275 un
776 209 965 275 omronn

165 373 230 441 iam
256 371 409 439 artificem
434 363 670 454 aliquandoque
697 369 858 435 evolutum
890 367 952 434 illis
978 366 1199 451 integumentis
1231 366 1489 436 dissimulationis

166 477 238 536 tuae
258 463 471 551 nudatumque
493 460 673 548 perspici03
712 471 744 528 et
768 464 855 549 quod
883 464 960 528 mihi
987 463 1067 527 nihil
1088 472 1143 527 aut
1164 467 1249 547 quod
1270 484 1336 529 non
1359 464 1489 530 multum

164 559 332 648 relinquis,
355 553 579 645 percommode
599 554 678 622 lacis
699 564 809 644 estque
830 556 908 621 mihi
923 564 1059 641 matum.
1104 560 1177 626 351.
1199 560 1266 622 lam
1289 557 1371 625 istuc
1393 579 1490 646 quan-

164 665 232 722 tum
264 655 321 721 tibi
351 673 412 738 ego
438 649 642 738 reliquerim,
675 649 778 737 inquit
805 649 977 726 Antonius,
1013 649 1132 716 onitin
1161 660 1216 717 tua
1244 661 1412 735 potestate.
1458 657 1489 720 Si

142 750 249 817 senim
280 768 355 815 vero
389 767 485 831 agere
512 744 674 822 volueris,
712 748 817 810 omnia
843 747 902 810 tibi
928 743 1095 831 relinquo;
1133 747 1182 809 sin
1203 745 1421 825 dissimulare,
1457 757 1490 814 tu

47 898 53 905 .
164 840 429 933 quemadmodum
450 841 500 907 his
520 839 708 916 satisfacias,
742 839 871 906 videris.
916 842 994 912 Sed,
1030 848 1065 904 ut
1092 837 1131 906 ad
1157 861 1225 906 rem
1246 845 1392 919 redeam,
1426 864 1490 909 non

163 959 234 1005 sum
256 944 343 1002 tanto
365 955 445 1021 ego,
467 933 587 1019 inquit,
610 932 755 1019 ingenio,
778 942 896 1018 quanto
918 932 1144 1000 Themistocles
1164 936 1243 1013 luit,
1265 945 1301 1002 ut
1321 935 1490 1004 oblivionis

164 1041 264 1099 artem
296 1050 389 1117 quam
421 1029 593 1096 memoriae
622 1028 747 1107 malim;
783 1027 977 1115 gratiamque
1012 1027 1114 1095 habeo
1148 1030 1302 1097 Simonidi
1331 1032 1379 1098 illi
1413 1037 1488 1108 Ceo,

164 1125 418 1213 quamprimum
439 1123 545 1190 ferunt
566 1131 666 1188 artem
693 1121 867 1188 memoriae
896 1120 1076 1207 protulisse.
1135 1127 1209 1190 352.
1246 1128 1359 1192 Dicunt
1393 1125 1489 1203 enim,

125 1240 236 1288 atcnm
257 1229 408 1287 coenaret
429 1222 573 1286 Cranone
594 1219 629 1284 in
650 1215 808 1283 Thessalia
830 1214 1006 1281 Simonides
1020 1215 1104 1300 apud
1120 1220 1272 1301 Scopam,
1295 1219 1491 1287 fortunatum

163 1317 324 1384 hominem
347 1323 379 1382 et
399 1313 555 1388 nobilem,
578 1311 804 1397 cecinissetque
825 1311 858 1374 id
881 1331 1025 1386 carmen,
1048 1314 1134 1398 quod
1155 1312 1189 1378 in
1211 1335 1283 1379 eum
1298 1315 1489 1402 scripsisset,

162 1414 196 1477 in
218 1434 281 1498 quo
304 1410 403 1477 multa
424 1407 558 1475 ornandi
579 1428 674 1472 causa
693 1413 861 1489 poetarum
882 1425 971 1471 more
992 1405 1026 1470 in
1048 1407 1209 1472 Castorem
1232 1411 1346 1495 scripta
1367 1418 1399 1475 et
1420 1408 1492 1474 Pol-

160 1507 263 1573 lucem
285 1508 435 1581 luissent,
470 1504 564 1568 nimis
590 1501 680 1567 illum
707 1501 836 1565 sordide
858 1496 1010 1566 Simonidi
1033 1499 1151 1567 dixisse
1173 1522 1208 1566 se
1230 1501 1393 1568 dimidium
1418 1502 1488 1569 eius

163 1606 207 1675 ei,
230 1605 316 1686 quod
336 1606 446 1686 pactus
467 1605 567 1672 esset,
589 1615 648 1681 pro
671 1593 725 1660 illo
748 1593 887 1659 carmine
911 1597 1075 1672 daturum3
1098 1596 1256 1681 reliquum
1279 1618 1297 1663 a
1319 1598 1385 1663 suis
1408 1601 1491 1685 Tyn-

113 1710 153 1769 ,1⁵
163 1694 295 1771 daridis,
318 1714 397 1778 quos
419 1713 520 1777 oeque
533 1691 709 1764 laudasset,
732 1694 873 1774 peteret,
896 1688 923 1754 si
938 1689 967 1753 ei
981 1686 1153 1754 videretur.
1199 1694 1272 1756 353.
1296 1691 1406 1757 Paullo
1420 1699 1492 1776 post

162 1810 231 1856 esse
251 1788 357 1854 lerunt
376 1786 554 1852 nuntiatum
576 1782 749 1858 Simonidi,
783 1791 818 1847 ut
839 1784 999 1868 prodiret:
1040 1785 1171 1850 invenes
1199 1794 1283 1851 stare
1304 1789 1344 1851 ad
1365 1787 1491 1851 ianuam

162 1883 227 1950 duo
248 1880 421 1970 quosdam,
444 1878 594 1965 quicum
615 1896 730 1959 magno
752 1895 849 1962 opere
871 1886 1055 1957 evocarent3
1089 1882 1265 1945 surrexisse
1288 1880 1394 1955 illum,
1417 1901 1492 1966 pro-

163 1978 262 2054 disse,
290 1976 407 2043 vidisse
428 1973 598 2039 neminem.
643 1972 713 2034 Hoc
733 1970 862 2036 interim
882 1972 985 2055 spatio
1007 1973 1155 2040 conclave
1176 1974 1272 2051 illud,
1303 1973 1366 2041 nbi
1382 1976 1492 2059 epula·

162 2081 252 2138 retur
274 2073 410 2155 Scopas,
433 2069 624 2143 concidisse;
659 2084 695 2129 ea
710 2063 804 2129 ruina
824 2066 927 2149 ipsum
950 2087 1134 2154 oppressum
1157 2090 1227 2133 cnm
1250 2069 1315 2135 suis
1336 2067 1490 2134 interisse.

124 2185 153 2228 aa
164 2170 252 2245 Quos
280 2187 353 2233 cum
381 2163 513 2229 humare
542 2162 662 2226 vellent
684 2159 734 2223 sui
755 2178 859 2245 neque
881 2170 1011 2244 possent
1032 2160 1166 2228 obtritos
1186 2163 1403 2230 internoscere
1424 2163 1491 2228 ullo

162 2263 278 2335 modo,
314 2257 494 2324 Simonides
523 2255 639 2322 dicitur
666 2274 707 2319 ex
736 2272 794 2330 eo,
830 2257 915 2342 qnod
949 2254 1157 2332 meminisset,
1196 2277 1260 2341 quo
1288 2279 1399 2324 eorum
1420 2258 1491 2324 loco

163 2357 295 2441 quisque
316 2351 495 2428 cubuisset,
529 2353 764 2415 demonstrator
784 2353 878 2415 unius
900 2349 1054 2435 cuiusque
1075 2350 1249 2437 sepeliendi
1271 2351 1380 2418 luisse.
1426 2354 1493 2420 llac

151 2458 230 2515 tum
251 2467 288 2513 re
309 2445 487 2512 admonitus
508 2443 665 2510 invenisse
687 2441 789 2507 sertin
809 2443 953 2510 ordinem
975 2464 1044 2510 esse
1066 2444 1221 2523 maxime,
1245 2450 1300 2536 qui
1319 2449 1492 2515 memoriae

162 2544 271 2607 lumen
292 2539 432 2606 afferret.
476 2542 551 2604 351.
585 2541 695 2624 ltaque
715 2535 775 2613 iis,
810 2542 862 2624 qui
892 2542 972 2604 hanc
997 2547 1121 2624 partem
1142 2539 1261 2625 ingenii
1283 2549 1490 2619 exercerent,
1519 2610 1523 2619 ,

125 2656 154 2699 ss
163 2638 251 2705 locos
283 2656 353 2702 esse
382 2631 552 2721 capiendos
573 2640 604 2699 et
626 2653 680 2707 ea,
715 2650 795 2717 qnae
824 2633 979 2698 memoria
1006 2643 1113 2700 tenere
1144 2634 1277 2711 vellent,
1316 2635 1493 2722 effingenda

163 2731 267 2798 animo
291 2739 385 2817 atque
406 2733 438 2793 in
459 2730 511 2793 his
531 2727 610 2793 locis
633 2725 833 2805 collocanda3
867 2728 912 2792 sic
932 2725 1020 2804 iore,
1053 2735 1089 2793 ut
1111 2727 1255 2794 ordinem
1276 2749 1384 2795 rerum
1405 2729 1492 2796 loco-

163 2848 234 2894 rum
255 2824 335 2893 ordo
357 2828 575 2896 conservaret,
610 2842 664 2886 res
691 2829 797 2885 autem
823 2820 907 2906 ipsas
928 2841 1034 2886 rerum
1055 2819 1174 2906 effigies
1196 2832 1321 2889 notaret
1341 2834 1436 2911 atque
1457 2833 1493 2890 ut

162 2923 241 2988 locis
263 2942 321 3009 pro
343 2939 436 2993 cera,
472 2913 648 2981 simulacris
676 2936 736 2998 pro
759 2913 873 2979 litteris
894 2924 1067 2981 uteremur.
1112 2919 1298 2984 LXXXVII.
1321 2924 1394 2989 355.
1429 2918 1492 2998 Qui

163 3017 204 3082 sit
225 3026 328 3081 antem
350 3010 469 3080 oratori
490 3009 661 3076 memoriae
682 3007 817 3082 imaus,
840 3016 955 3095 quanta
975 3009 1107 3087 utilitas,
1130 3013 1324 3097 quantavis,
1348 3014 1423 3102 quid
1440 3036 1492 3079 me

126 3109 274 3182 saattinet
303 3111 430 3173 diceret
466 3114 590 3181 tenere,
624 3123 705 3188 quae
734 3101 884 3168 didiceris
904 3105 938 3168 in
959 3104 1139 3190 accipienda
1168 3127 1279 3184 causa,
1315 3130 1396 3194 quae
1424 3111 1493 3193 ipse

164 3204 331 3289 cogitaris?
353 3220 463 3267 omnes
484 3196 563 3263 lixas
585 3216 654 3262 esse
676 3199 708 3262 in
730 3197 835 3261 animo
857 3198 1048 3264 sententias?
1070 3220 1197 3266 omnem
1213 3201 1406 3286 descriptum
1422 3224 1494 3270 ver-

163 3296 279 3363 borum
292 3298 497 3383 apparatum?
518 3294 561 3358 ita
575 3289 686 3356 audire
701 3292 751 3357 vel
766 3312 856 3367 eum,
878 3291 963 3358 unde
978 3293 1095 3372 discas,
1119 3297 1173 3361 vel
1186 3317 1279 3378 eum,
1295 3298 1348 3365 cui
1360 3320 1491 3386 respon-

164 3390 302 3456 dendum
324 3388 380 3464 sit,
403 3398 438 3453 nt
459 3387 588 3452 illinon
609 3384 774 3451 infundere
795 3385 829 3450 in
850 3406 944 3452 aures
965 3397 1034 3455 tuas
1056 3391 1229 3457 orationem
1252 3392 1308 3459 sed
1330 3393 1362 3459 in
1381 3397 1485 3460 animo

163 3485 329 3552 videantur
349 3479 544 3561 inscriberet
580 3484 688 3566 ltaque
710 3479 785 3556 soli,
815 3482 869 3565 qui
892 3485 1044 3548 memoria
1064 3487 1188 3568 vigent,
1219 3486 1337 3564 sciunt,
1362 3488 1492 3572 quidet

118 3611 155 3652 ..ς
165 3588 317 3666 quatenus
338 3586 370 3642 et
384 3578 544 3663 quomodo
558 3573 674 3640 dicturi
688 3577 765 3650 sint,
789 3574 841 3639 cui
854 3575 1089 3662 responderint,
1112 3579 1188 3665 qnid
1202 3581 1359 3666 supersit;
1382 3581 1492 3647 iidem-

166 3695 228 3759 que
261 3675 358 3737 multa
387 3693 427 3735 ex
453 3669 521 3734 aliis
549 3668 651 3733 causis
677 3667 845 3752 aliquando
867 3692 886 3735 a
908 3691 942 3735 se
970 3681 1054 3750 acta,
1091 3673 1187 3740 multa
1216 3674 1255 3740 ab
1284 3676 1353 3741 aliis
1385 3675 1490 3742 andita

165 3765 385 3832 meminerunt.
429 3768 501 3828 356.
537 3766 643 3841 Quare
671 3761 826 3829 confiteor
853 3763 999 3851 equidem
1025 3767 1118 3835 huius
1148 3768 1224 3834 boni
1253 3781 1400 3837 naturam
1423 3791 1491 3836 esse

165 3861 337 3948 principem
355 3890 394 3901 -
409 3861 489 3922 sieut
503 3878 613 3922 earum
634 3877 758 3934 rerum,
783 3860 822 3922 de
845 3862 959 3943 quibus
980 3874 1052 3929 ante
1073 3861 1196 3928 locutus
1217 3886 1305 3942 sum,
1330 3865 1489 3944 omnium,

167 3953 224 4020 sed
246 3959 322 4019 haec
344 3974 394 4018 ars
416 3961 481 4017 tota
504 3950 643 4024 dicendi,
676 3951 744 4017 sive
773 3951 848 4018 artis
876 3953 981 4040 imago
1006 3957 1159 4041 quaedam
1182 3967 1229 4024 est
1250 3967 1281 4024 et
1303 3958 1490 4036 similitudo,

129 4049 262 4125 ,ohabet
290 4049 368 4113 hanc
397 4052 474 4126 vim,
511 4067 575 4113 non
604 4055 640 4113 ut
665 4055 764 4112 totum
793 4048 927 4135 aliquid,
962 4049 1051 4117 cuius
1071 4051 1104 4116 in
1125 4051 1258 4138 ingeniis
1280 4056 1398 4119 nostris
1420 4074 1491 4140 pars

238 4246 263 4294 t.
284 4242 429 4307 oltqoondo
447 4242 478 4292 Β.
501 4266 530 4278 -
552 4242 682 4292 eoolotom
700 4240 733 4292 Α.
755 4268 785 4279 -
804 4243 831 4292 2.
850 4244 981 4294 nodotum
1000 4245 1031 4296 Β.
1053 4272 1082 4284 -
1103 4247 1174 4312 qnod
1192 4253 1253 4299 ante
1270 4263 1325 4298 non
1344 4262 1396 4299 om.
1416 4248 1447 4299 Β.
1460 4273 1490 4285 -

167 4315 194 4366 3.
214 4315 274 4364 lons
291 4316 358 4363 istoc
377 4327 429 4363 om.
448 4312 480 4361 Β.
500 4336 534 4347 -
551 4314 579 4362 ’1.
600 4326 647 4376 epo
666 4326 718 4363 om.
739 4313 771 4361 Β.
791 4337 825 4348 -
843 4321 873 4363 nt
891 4329 943 4365 om.
957 4316 988 4365 Β.
1009 4342 1039 4354 -
1059 4316 1086 4368 Β.
1105 4321 1246 4369 memorias
1264 4327 1324 4380 post
1340 4333 1420 4384 qoam
1439 4332 1491 4370 om.

167 4384 435 4434 Α.-011ὀΑΒΒ.
457 4408 486 4419 -
517 4383 560 4433 10.
582 4383 701 4434 cranone
718 4382 872 4434 Manutius:
906 4383 1050 4438 Grannona
1066 4387 1130 4450 ΑΒ,
1151 4390 1274 4440 Gronone
1291 4392 1333 4450 Β,
1354 4389 1493 4440 Crannone

168 4455 200 4505 ll·
219 4481 254 4491 -
273 4455 316 4504 17.
337 4454 389 4504 dno
407 4453 472 4503 AB:
492 4453 558 4503 dnos
577 4453 631 4504 ΒΕ.
653 4479 684 4490 -
702 4459 830 4503 cocorant
844 4455 927 4507 ΑΒΒ.
945 4482 978 4493 -
998 4458 1042 4509 19.
1062 4473 1094 4510 so
1111 4460 1201 4523 ruina]
1223 4473 1315 4511 eornm
1332 4461 1365 4510 Α.
1385 4485 1415 4497 -
1436 4473 1493 4510 eom

168 4527 289 4587 copnotts
308 4537 461 4588 oppressum
481 4525 539 4572 11111
558 4523 632 4574 Voss.
651 4523 696 4572 ΑΒ
716 4531 743 4574 et
761 4537 800 4585 pr.
820 4524 896 4578 Letd.
913 4550 944 4565 -·
963 4529 1007 4579 al.
1026 4532 1136 4594 quisque
1152 4531 1209 4581 tono
1223 4531 1254 4581 Β.
1275 4556 1307 4568 -
1325 4532 1370 4582 23.
1389 4532 1494 4581 (11111111-

167 4603 311 4645 strotorem
324 4597 355 4647 n.
379 4618 406 4629 -
427 4594 472 4644 st.
492 4594 655 4645 censentit.
672 4620 701 4630 -·
722 4595 766 4644 25.
781 4607 848 4656 quos
859 4600 973 4649 morines
984 4603 1112 4651 1111111111
1130 4600 1162 4650 Β.
1179 4626 1208 4639 -
1228 4601 1272 4651 16.
1292 4604 1326 4652 tis
1345 4604 1376 4654 Β.
1395 4627 1429 4637 -
1447 4601 1491 4654 27.

167 4666 333 4717 samareae.
355 4692 384 4702 -
413 4666 456 4716 31.
477 4666 604 4728 scripturn
621 4665 661 4724 A,
681 4666 820 4725 ascriptum
838 4667 869 4716 Β.
892 4693 922 4705 -
947 4670 991 4720 31.
1011 4672 1106 4721 andire
1122 4673 1186 4721 nollo
1203 4687 1261 4723 eom
1278 4673 1333 4722 ΑΒ.
1360 4698 1389 4709 -
1420 4673 1493 4723 dicos

168 4736 202 4785 lt.
222 4759 256 4774 -
274 4734 318 4785 33.
337 4733 379 4799 111]
397 4736 440 4786 oct
456 4734 512 4784 ΑΒ.
535 4760 564 4773 -·
583 4733 627 4785 31.
647 4734 778 4785 scribere:
797 4749 852 4787 non
868 4739 1009 4790 1111111111νὶ1
1026 4743 1071 4790 ssd
1088 4743 1150 4792 tons·
1168 4743 1225 4793 lons
1244 4745 1360 4794 cratoris
1376 4745 1491 4795 videtur.

168 4807 262 4870 ltoqoe
280 4807 312 4854 n.
334 4833 362 4844 -
383 4807 433 4856 solt
451 4808 472 4855 11
485 4806 524 4856 4Β.
545 4831 575 4844 -
595 4803 639 4856 35.
659 4805 819 4856 111111Β.-
838 4812 881 4860 cot
892 4810 976 4860 Codd.
996 4811 1049 4872 ct,
1069 4812 1108 4862 ll:
1126 4814 1190 4878 qnid
1207 4813 1286 4864 ΔΒΕ.
1304 4839 1330 4852 -
1350 4810 1491 4880 iidemque]

168 4878 250 4929 1111111
268 4889 334 4943 qnos
351 4876 384 4927 Β.
406 4903 434 4916 -
456 4875 500 4928 33.
521 4882 544 4927 11
562 4875 707 4927 similitudo
724 4882 761 4928 cst
778 4877 812 4928 R.
833 4903 864 4918 -
882 4879 928 4932 10.
947 4883 977 4932 tn
994 4895 1047 4934 om.
1065 4882 1122 4934 ΑΒ.
