<?xml version="1.0" encoding="UTF-8"?>
<!DOCTYPE html PUBLIC "-//W3C//DTD XHTML 1.0 Transitional//EN"
    "http://www.w3.org/TR/xhtml1/DTD/xhtml1-transitional.dtd">
<html xmlns="http://www.w3.org/1999/xhtml" xml:lang="en" lang="en">
 <head>
  <title>
</title>
<meta http-equiv="Content-Type" content="text/html;charset=utf-8" />
  <meta name='ocr-system' content='tesseract 3.04.00' />
  <meta name='ocr-capabilities' content='ocr_page ocr_carea ocr_par ocr_line ocrx_word'/>
</head>
<body>
  <div class='ocr_page' id='page_1' title='image "./operaquaesupers04halmgoog_0081.png"; bbox 0 0 3232 5392; ppageno 0'>
   <div class='ocr_carea' id='block_1_1' title="bbox 216 218 1030 289">
    <p class='ocr_par' dir='ltr' id='par_1_1' title="bbox 216 218 1030 289">
     <span class='ocr_line' id='line_1_1' title="bbox 216 218 1030 289; baseline 0 -3"><span class='ocrx_word' id='word_1_1' title='bbox 216 220 256 286; x_wconf 80' lang='lat' dir='ltr'><strong>od</strong></span> <span class='ocrx_word' id='word_1_2' title='bbox 287 283 291 289; x_wconf 84' lang='grc'>,</span> <span class='ocrx_word' id='word_1_3' title='bbox 720 219 772 285; x_wconf 84' lang='lat' dir='ltr'><strong>ab</strong></span> <span class='ocrx_word' id='word_1_4' title='bbox 795 218 1030 286; x_wconf 82' lang='lat' dir='ltr'><strong>HERENNIUM</strong></span> 
     </span>
    </p>
   </div>
   <div class='ocr_carea' id='block_1_2' title="bbox 169 376 1541 4438">
    <p class='ocr_par' dir='ltr' id='par_1_2' title="bbox 169 376 1541 4438">
     <span class='ocr_line' id='line_1_2' title="bbox 214 376 1541 466; baseline 0 -20"><span class='ocrx_word' id='word_1_5' title='bbox 214 380 384 447; x_wconf 78' lang='lat' dir='ltr'><strong>studiosius</strong></span> <span class='ocrx_word' id='word_1_6' title='bbox 406 378 558 445; x_wconf 89' lang='lat' dir='ltr'><strong>occidisti.</strong></span> <span class='ocrx_word' id='word_1_7' title='bbox 604 376 714 457; x_wconf 71' lang='lat' dir='ltr'><strong>Quid?</strong></span> <span class='ocrx_word' id='word_1_8' title='bbox 736 399 806 444; x_wconf 90' lang='lat' dir='ltr'><strong>cum</strong></span> <span class='ocrx_word' id='word_1_9' title='bbox 828 379 884 444; x_wconf 93' lang='lat' dir='ltr'><strong>tibi</strong></span> <span class='ocrx_word' id='word_1_10' title='bbox 905 380 997 466; x_wconf 89' lang='lat' dir='ltr'><strong>pueri</strong></span> <span class='ocrx_word' id='word_1_11' title='bbox 1018 377 1057 444; x_wconf 93' lang='lat' dir='ltr'><strong>ad</strong></span> <span class='ocrx_word' id='word_1_12' title='bbox 1079 377 1175 464; x_wconf 92' lang='lat' dir='ltr'><strong>pedes</strong></span> <span class='ocrx_word' id='word_1_13' title='bbox 1190 378 1427 455; x_wconf 72' lang='lat' dir='ltr'><strong>volutarentur,</strong></span> <span class='ocrx_word' id='word_1_14' title='bbox 1450 380 1541 446; x_wconf 90' lang='lat' dir='ltr'><strong>mise·</strong></span> 
     </span>
     <span class='ocr_line' id='line_1_3' title="bbox 213 473 1539 560; baseline -0.001 -18"><span class='ocrx_word' id='word_1_15' title='bbox 213 475 351 542; x_wconf 90' lang='lat' dir='ltr'><strong>ricordia</strong></span> <span class='ocrx_word' id='word_1_16' title='bbox 371 482 475 540; x_wconf 90' lang='lat' dir='ltr'><strong>motus</strong></span> <span class='ocrx_word' id='word_1_17' title='bbox 496 478 552 538; x_wconf 82' lang='lat' dir='ltr'><strong>est</strong></span> <span class='ocrx_word' id='word_1_18' title='bbox 574 475 613 538; x_wconf 79' lang='lat' dir='ltr'><strong>at</strong></span> <span class='ocrx_word' id='word_1_19' title='bbox 634 492 745 538; x_wconf 89' lang='lat' dir='ltr'><strong>eorum</strong></span> <span class='ocrx_word' id='word_1_20' title='bbox 767 480 887 557; x_wconf 86' lang='lat' dir='ltr'><strong>patrem</strong></span> <span class='ocrx_word' id='word_1_21' title='bbox 909 473 1125 538; x_wconf 89' lang='lat' dir='ltr'><strong>crudelissime</strong></span> <span class='ocrx_word' id='word_1_22' title='bbox 1147 474 1306 560; x_wconf 77' lang='lat' dir='ltr'><strong>sepultura</strong></span> <span class='ocrx_word' id='word_1_23' title='bbox 1326 493 1454 560; x_wconf 88' lang='lat' dir='ltr'><strong>quoque</strong></span> <span class='ocrx_word' id='word_1_24' title='bbox 1468 495 1539 560; x_wconf 92' lang='lat' dir='ltr'><strong>pro·</strong></span> 
     </span>
     <span class='ocr_line' id='line_1_4' title="bbox 213 566 1539 651; baseline 0 -16"><span class='ocrx_word' id='word_1_25' title='bbox 213 569 353 637; x_wconf 89' lang='lat' dir='ltr'><strong>hibuisti.</strong></span> <span class='ocrx_word' id='word_1_26' title='bbox 399 572 449 633; x_wconf 84' lang='grc'><strong>34.</strong></span> <span class='ocrx_word' id='word_1_27' title='bbox 471 567 603 634; x_wconf 90' lang='lat' dir='ltr'><strong>blultum</strong></span> <span class='ocrx_word' id='word_1_28' title='bbox 630 568 712 633; x_wconf 90' lang='lat' dir='ltr'><strong>inest</strong></span> <span class='ocrx_word' id='word_1_29' title='bbox 738 566 927 632; x_wconf 83' lang='lat' dir='ltr'><strong>acrimoniae</strong></span> <span class='ocrx_word' id='word_1_30' title='bbox 951 567 1162 651; x_wconf 89' lang='lat' dir='ltr'><strong>etgravitatis</strong></span> <span class='ocrx_word' id='word_1_31' title='bbox 1184 568 1216 632; x_wconf 93' lang='lat' dir='ltr'><strong>in</strong></span> <span class='ocrx_word' id='word_1_32' title='bbox 1238 571 1297 633; x_wconf 91' lang='lat' dir='ltr'><strong>hac</strong></span> <span class='ocrx_word' id='word_1_33' title='bbox 1318 575 1539 644; x_wconf 83' lang='lat' dir='ltr'><strong>exornatione,</strong></span> 
     </span>
     <span class='ocr_line' id='line_1_5' title="bbox 212 660 1540 752; baseline -0.002 -20"><span class='ocrx_word' id='word_1_34' title='bbox 212 676 382 752; x_wconf 90' lang='lat' dir='ltr'><strong>propterea</strong></span> <span class='ocrx_word' id='word_1_35' title='bbox 404 660 504 750; x_wconf 89' lang='lat' dir='ltr'><strong>quod,</strong></span> <span class='ocrx_word' id='word_1_36' title='bbox 538 682 609 728; x_wconf 92' lang='lat' dir='ltr'><strong>cum</strong></span> <span class='ocrx_word' id='word_1_37' title='bbox 637 666 811 748; x_wconf 88' lang='lat' dir='ltr'><strong>quaesitum</strong></span> <span class='ocrx_word' id='word_1_38' title='bbox 840 669 904 735; x_wconf 90' lang='lat' dir='ltr'><strong>est,</strong></span> <span class='ocrx_word' id='word_1_39' title='bbox 943 661 1018 746; x_wconf 93' lang='lat' dir='ltr'><strong>quid</strong></span> <span class='ocrx_word' id='word_1_40' title='bbox 1040 671 1201 746; x_wconf 81' lang='lat' dir='ltr'><strong>oporteat,</strong></span> <span class='ocrx_word' id='word_1_41' title='bbox 1235 661 1403 729; x_wconf 88' lang='lat' dir='ltr'><strong>subiicitur</strong></span> <span class='ocrx_word' id='word_1_42' title='bbox 1425 663 1458 730; x_wconf 91' lang='lat' dir='ltr'><strong>id</strong></span> <span class='ocrx_word' id='word_1_43' title='bbox 1478 685 1540 729; x_wconf 92' lang='lat' dir='ltr'><strong>nou</strong></span> 
     </span>
     <span class='ocr_line' id='line_1_6' title="bbox 190 754 1541 842; baseline -0.003 -16"><span class='ocrx_word' id='word_1_44' title='bbox 190 776 282 826; x_wconf 72' lang='lat' dir='ltr'><strong>sesse</strong></span> <span class='ocrx_word' id='word_1_45' title='bbox 303 759 431 825; x_wconf 88' lang='lat' dir='ltr'><strong>sactum.</strong></span> <span class='ocrx_word' id='word_1_46' title='bbox 479 759 585 836; x_wconf 83' lang='lat' dir='ltr'><strong>Quare</strong></span> <span class='ocrx_word' id='word_1_47' title='bbox 606 755 752 821; x_wconf 77' lang='lat' dir='ltr'><strong>facillime</strong></span> <span class='ocrx_word' id='word_1_48' title='bbox 773 754 822 829; x_wconf 90' lang='lat' dir='ltr'><strong>fit,</strong></span> <span class='ocrx_word' id='word_1_49' title='bbox 855 764 891 819; x_wconf 92' lang='lat' dir='ltr'><strong>ut</strong></span> <span class='ocrx_word' id='word_1_50' title='bbox 918 766 1111 839; x_wconf 80' lang='lat' dir='ltr'><strong>exaugeatur</strong></span> <span class='ocrx_word' id='word_1_51' title='bbox 1136 756 1301 842; x_wconf 82' lang='lat' dir='ltr'><strong>indignitas</strong></span> <span class='ocrx_word' id='word_1_52' title='bbox 1323 758 1452 842; x_wconf 89' lang='lat' dir='ltr'><strong>negotii.</strong></span> <span class='ocrx_word' id='word_1_53' title='bbox 1493 762 1541 823; x_wconf 77' lang='lat' dir='ltr'><strong>Ex</strong></span> 
     </span>
     <span class='ocr_line' id='line_1_7' title="bbox 213 850 1538 936; baseline -0.002 -16"><span class='ocrx_word' id='word_1_54' title='bbox 213 854 323 921; x_wconf 91' lang='lat' dir='ltr'><strong>eodem</strong></span> <span class='ocrx_word' id='word_1_55' title='bbox 347 872 479 936; x_wconf 88' lang='lat' dir='ltr'><strong>genere,</strong></span> <span class='ocrx_word' id='word_1_56' title='bbox 502 861 537 918; x_wconf 92' lang='lat' dir='ltr'><strong>ut</strong></span> <span class='ocrx_word' id='word_1_57' title='bbox 558 850 598 917; x_wconf 91' lang='lat' dir='ltr'><strong>ad</strong></span> <span class='ocrx_word' id='word_1_58' title='bbox 619 859 758 915; x_wconf 87' lang='lat' dir='ltr'><strong>nostram</strong></span> <span class='ocrx_word' id='word_1_59' title='bbox 781 869 909 935; x_wconf 92' lang='lat' dir='ltr'><strong>quoque</strong></span> <span class='ocrx_word' id='word_1_60' title='bbox 930 870 1098 935; x_wconf 91' lang='lat' dir='ltr'><strong>personam</strong></span> <span class='ocrx_word' id='word_1_61' title='bbox 1113 851 1285 917; x_wconf 83' lang='lat' dir='ltr'><strong>reseramus</strong></span> <span class='ocrx_word' id='word_1_62' title='bbox 1299 852 1538 925; x_wconf 87' lang='lat' dir='ltr'><strong>subiectionem,</strong></span> 
     </span>
     <span class='ocr_line' id='line_1_8' title="bbox 211 944 1540 1033; baseline -0.004 -18"><span class='ocrx_word' id='word_1_63' title='bbox 211 949 272 1015; x_wconf 88' lang='lat' dir='ltr'><strong>sic:</strong></span> <span class='ocrx_word' id='word_1_64' title='bbox 309 952 387 1013; x_wconf 87' lang='lat' dir='ltr'><strong>Nam</strong></span> <span class='ocrx_word' id='word_1_65' title='bbox 417 945 493 1033; x_wconf 91' lang='lat' dir='ltr'><strong>quid</strong></span> <span class='ocrx_word' id='word_1_66' title='bbox 521 966 571 1010; x_wconf 89' lang='lat' dir='ltr'><strong>me</strong></span> <span class='ocrx_word' id='word_1_67' title='bbox 597 944 702 1010; x_wconf 88' lang='lat' dir='ltr'><strong>lacere</strong></span> <span class='ocrx_word' id='word_1_68' title='bbox 723 948 884 1018; x_wconf 90' lang='lat' dir='ltr'><strong>convenit,</strong></span> <span class='ocrx_word' id='word_1_69' title='bbox 922 966 992 1008; x_wconf 91' lang='lat' dir='ltr'><strong>cum</strong></span> <span class='ocrx_word' id='word_1_70' title='bbox 1015 965 1033 1009; x_wconf 92' lang='lat' dir='ltr'><strong>a</strong></span> <span class='ocrx_word' id='word_1_71' title='bbox 1056 955 1136 1010; x_wconf 91' lang='lat' dir='ltr'><strong>tanta</strong></span> <span class='ocrx_word' id='word_1_72' title='bbox 1160 948 1320 1012; x_wconf 85' lang='lat' dir='ltr'><strong>Gallorum</strong></span> <span class='ocrx_word' id='word_1_73' title='bbox 1343 946 1540 1012; x_wconf 89' lang='lat' dir='ltr'><strong>multitudine</strong></span> 
     </span>
     <span class='ocr_line' id='line_1_9' title="bbox 211 1039 1537 1126; baseline -0.003 -17"><span class='ocrx_word' id='word_1_74' title='bbox 211 1044 482 1109; x_wconf 80' lang='lat' dir='ltr'><strong>circumsederert</strong></span> <span class='ocrx_word' id='word_1_75' title='bbox 519 1045 565 1105; x_wconf 80' lang='lat' dir='ltr'><strong>An</strong></span> <span class='ocrx_word' id='word_1_76' title='bbox 588 1039 792 1105; x_wconf 83' lang='lat' dir='ltr'><strong>dimicaremt</strong></span> <span class='ocrx_word' id='word_1_77' title='bbox 828 1043 866 1103; x_wconf 79' lang='lat' dir='ltr'><strong>ht</strong></span> <span class='ocrx_word' id='word_1_78' title='bbox 895 1058 966 1102; x_wconf 90' lang='lat' dir='ltr'><strong>cnm</strong></span> <span class='ocrx_word' id='word_1_79' title='bbox 995 1059 1091 1125; x_wconf 89' lang='lat' dir='ltr'><strong>parva</strong></span> <span class='ocrx_word' id='word_1_80' title='bbox 1114 1060 1209 1105; x_wconf 91' lang='lat' dir='ltr'><strong>manu</strong></span> <span class='ocrx_word' id='word_1_81' title='bbox 1230 1051 1296 1106; x_wconf 91' lang='lat' dir='ltr'><strong>tum</strong></span> <span class='ocrx_word' id='word_1_82' title='bbox 1319 1041 1537 1126; x_wconf 87' lang='lat' dir='ltr'><strong>prodiremus,</strong></span> 
     </span>
     <span class='ocr_line' id='line_1_10' title="bbox 210 1131 1539 1224; baseline -0.004 -19"><span class='ocrx_word' id='word_1_83' title='bbox 210 1138 314 1206; x_wconf 89' lang='lat' dir='ltr'><strong>locum</strong></span> <span class='ocrx_word' id='word_1_84' title='bbox 337 1157 465 1224; x_wconf 90' lang='lat' dir='ltr'><strong>quoque</strong></span> <span class='ocrx_word' id='word_1_85' title='bbox 486 1132 736 1200; x_wconf 87' lang='lat' dir='ltr'><strong>inimicissimum</strong></span> <span class='ocrx_word' id='word_1_86' title='bbox 757 1131 959 1197; x_wconf 89' lang='lat' dir='ltr'><strong>habebamus.</strong></span> <span class='ocrx_word' id='word_1_87' title='bbox 1005 1133 1154 1198; x_wconf 79' lang='lat' dir='ltr'><strong>sederem</strong></span> <span class='ocrx_word' id='word_1_88' title='bbox 1176 1133 1209 1198; x_wconf 93' lang='lat' dir='ltr'><strong>in</strong></span> <span class='ocrx_word' id='word_1_89' title='bbox 1231 1134 1363 1200; x_wconf 73' lang='lat' dir='ltr'><strong>castris?</strong></span> <span class='ocrx_word' id='word_1_90' title='bbox 1386 1141 1424 1201; x_wconf 82' lang='lat' dir='ltr'><strong>at</strong></span> <span class='ocrx_word' id='word_1_91' title='bbox 1438 1156 1539 1222; x_wconf 90' lang='lat' dir='ltr'><strong>neque</strong></span> 
     </span>
     <span class='ocr_line' id='line_1_11' title="bbox 173 1225 1540 1317; baseline -0.004 -18"><span class='ocrx_word' id='word_1_92' title='bbox 173 1251 202 1292; x_wconf 82' lang='lat'><strong>1⁰</strong></span> <span class='ocrx_word' id='word_1_93' title='bbox 212 1232 399 1307; x_wconf 91' lang='lat' dir='ltr'><strong>subsidium,</strong></span> <span class='ocrx_word' id='word_1_94' title='bbox 423 1229 508 1317; x_wconf 92' lang='lat' dir='ltr'><strong>quod</strong></span> <span class='ocrx_word' id='word_1_95' title='bbox 530 1237 763 1312; x_wconf 86' lang='lat' dir='ltr'><strong>exspectarem,</strong></span> <span class='ocrx_word' id='word_1_96' title='bbox 787 1225 977 1292; x_wconf 87' lang='lat' dir='ltr'><strong>habebamus</strong></span> <span class='ocrx_word' id='word_1_97' title='bbox 998 1249 1100 1312; x_wconf 89' lang='lat' dir='ltr'><strong>neque</strong></span> <span class='ocrx_word' id='word_1_98' title='bbox 1122 1236 1206 1304; x_wconf 90' lang='lat' dir='ltr'><strong>erat,</strong></span> <span class='ocrx_word' id='word_1_99' title='bbox 1231 1229 1286 1314; x_wconf 92' lang='lat' dir='ltr'><strong>qui</strong></span> <span class='ocrx_word' id='word_1_100' title='bbox 1304 1231 1400 1293; x_wconf 91' lang='lat' dir='ltr'><strong>vitam</strong></span> <span class='ocrx_word' id='word_1_101' title='bbox 1423 1230 1540 1315; x_wconf 91' lang='lat' dir='ltr'><strong>produ·</strong></span> 
     </span>
     <span class='ocr_line' id='line_1_12' title="bbox 212 1321 1540 1409; baseline -0.005 -16"><span class='ocrx_word' id='word_1_102' title='bbox 212 1349 366 1395; x_wconf 90' lang='lat' dir='ltr'><strong>ceremus.</strong></span> <span class='ocrx_word' id='word_1_103' title='bbox 413 1328 519 1391; x_wconf 86' lang='lat' dir='ltr'><strong>Castra</strong></span> <span class='ocrx_word' id='word_1_104' title='bbox 546 1321 778 1406; x_wconf 76' lang='lat' dir='ltr'><strong>relinquerem?</strong></span> <span class='ocrx_word' id='word_1_105' title='bbox 815 1327 853 1387; x_wconf 82' lang='lat' dir='ltr'><strong>ht</strong></span> <span class='ocrx_word' id='word_1_106' title='bbox 880 1321 1114 1388; x_wconf 88' lang='lat' dir='ltr'><strong>obsidebamur.</strong></span> <span class='ocrx_word' id='word_1_107' title='bbox 1160 1323 1263 1389; x_wconf 88' lang='lat' dir='ltr'><strong>Vitam</strong></span> <span class='ocrx_word' id='word_1_108' title='bbox 1286 1322 1420 1388; x_wconf 90' lang='lat' dir='ltr'><strong>militum</strong></span> <span class='ocrx_word' id='word_1_109' title='bbox 1443 1325 1540 1409; x_wconf 84' lang='lat' dir='ltr'><strong>negli-</strong></span> 
     </span>
     <span class='ocr_line' id='line_1_13' title="bbox 211 1414 1539 1509; baseline -0.004 -21"><span class='ocrx_word' id='word_1_110' title='bbox 211 1428 340 1509; x_wconf 82' lang='lat' dir='ltr'><strong>gerem‘t</strong></span> <span class='ocrx_word' id='word_1_111' title='bbox 363 1426 401 1486; x_wconf 79' lang='lat' dir='ltr'><strong>ht</strong></span> <span class='ocrx_word' id='word_1_112' title='bbox 424 1438 479 1483; x_wconf 88' lang='lat' dir='ltr'><strong>eos</strong></span> <span class='ocrx_word' id='word_1_113' title='bbox 501 1414 632 1482; x_wconf 88' lang='lat' dir='ltr'><strong>videbar</strong></span> <span class='ocrx_word' id='word_1_114' title='bbox 653 1437 689 1480; x_wconf 89' lang='lat' dir='ltr'><strong>ea</strong></span> <span class='ocrx_word' id='word_1_115' title='bbox 713 1414 868 1501; x_wconf 85' lang='lat' dir='ltr'><strong>accepisse</strong></span> <span class='ocrx_word' id='word_1_116' title='bbox 884 1415 1086 1492; x_wconf 89' lang='lat' dir='ltr'><strong>condicione,</strong></span> <span class='ocrx_word' id='word_1_117' title='bbox 1112 1427 1146 1482; x_wconf 90' lang='lat' dir='ltr'><strong>ut</strong></span> <span class='ocrx_word' id='word_1_118' title='bbox 1163 1415 1260 1501; x_wconf 87' lang='lat' dir='ltr'><strong>[eos],</strong></span> <span class='ocrx_word' id='word_1_119' title='bbox 1285 1416 1388 1503; x_wconf 90' lang='lat' dir='ltr'><strong>quoad</strong></span> <span class='ocrx_word' id='word_1_120' title='bbox 1404 1437 1539 1503; x_wconf 86' lang='lat' dir='ltr'><strong>possem,</strong></span> 
     </span>
     <span class='ocr_line' id='line_1_14' title="bbox 209 1509 1540 1599; baseline -0.005 -15"><span class='ocrx_word' id='word_1_121' title='bbox 209 1518 382 1584; x_wconf 84' lang='lat' dir='ltr'><strong>incolumes</strong></span> <span class='ocrx_word' id='word_1_122' title='bbox 403 1513 522 1599; x_wconf 88' lang='lat' dir='ltr'><strong>patriae</strong></span> <span class='ocrx_word' id='word_1_123' title='bbox 545 1519 575 1575; x_wconf 94' lang='lat' dir='ltr'><strong>et</strong></span> <span class='ocrx_word' id='word_1_124' title='bbox 597 1509 778 1596; x_wconf 88' lang='lat' dir='ltr'><strong>parentibus</strong></span> <span class='ocrx_word' id='word_1_125' title='bbox 800 1530 1032 1580; x_wconf 89' lang='lat' dir='ltr'><strong>conservarem.</strong></span> <span class='ocrx_word' id='word_1_126' title='bbox 1077 1511 1221 1576; x_wconf 86' lang='lat' dir='ltr'><strong>Hostium</strong></span> <span class='ocrx_word' id='word_1_127' title='bbox 1247 1509 1465 1577; x_wconf 88' lang='lat' dir='ltr'><strong>condicionem</strong></span> <span class='ocrx_word' id='word_1_128' title='bbox 1488 1534 1540 1578; x_wconf 90' lang='lat' dir='ltr'><strong>re·</strong></span> 
     </span>
     <span class='ocr_line' id='line_1_15' title="bbox 210 1604 1540 1701; baseline -0.007 -22"><span class='ocrx_word' id='word_1_129' title='bbox 210 1613 394 1701; x_wconf 87' lang='lat' dir='ltr'><strong>pudiaremt</strong></span> <span class='ocrx_word' id='word_1_130' title='bbox 416 1612 456 1672; x_wconf 81' lang='lat' dir='ltr'><strong>ht</strong></span> <span class='ocrx_word' id='word_1_131' title='bbox 477 1606 559 1671; x_wconf 91' lang='lat' dir='ltr'><strong>salus</strong></span> <span class='ocrx_word' id='word_1_132' title='bbox 582 1605 742 1691; x_wconf 88' lang='lat' dir='ltr'><strong>antiquior</strong></span> <span class='ocrx_word' id='word_1_133' title='bbox 756 1612 804 1668; x_wconf 88' lang='lat' dir='ltr'><strong>cst</strong></span> <span class='ocrx_word' id='word_1_134' title='bbox 819 1604 950 1671; x_wconf 77' lang='lat' dir='ltr'><strong>militum</strong></span> <span class='ocrx_word' id='word_1_135' title='bbox 966 1626 1059 1691; x_wconf 91' lang='lat' dir='ltr'><strong>quam</strong></span> <span class='ocrx_word' id='word_1_136' title='bbox 1076 1606 1382 1691; x_wconf 88' lang='lat' dir='ltr'><strong>impedimentorum.</strong></span> <span class='ocrx_word' id='word_1_137' title='bbox 1426 1606 1540 1672; x_wconf 88' lang='lat' dir='ltr'><strong>llnius·</strong></span> 
     </span>
     <span class='ocr_line' id='line_1_16' title="bbox 171 1697 1540 1790; baseline -0.001 -23"><span class='ocrx_word' id='word_1_138' title='bbox 171 1708 294 1774; x_wconf 78' lang='lat' dir='ltr'><strong>asmodi</strong></span> <span class='ocrx_word' id='word_1_139' title='bbox 310 1709 545 1790; x_wconf 87' lang='lat' dir='ltr'><strong>consequuntur</strong></span> <span class='ocrx_word' id='word_1_140' title='bbox 558 1698 729 1764; x_wconf 89' lang='lat' dir='ltr'><strong>identidem</strong></span> <span class='ocrx_word' id='word_1_141' title='bbox 744 1697 972 1774; x_wconf 88' lang='lat' dir='ltr'><strong>subiectiones,</strong></span> <span class='ocrx_word' id='word_1_142' title='bbox 996 1713 1030 1766; x_wconf 88' lang='lat' dir='ltr'><strong>ut</strong></span> <span class='ocrx_word' id='word_1_143' title='bbox 1042 1723 1081 1766; x_wconf 83' lang='lat' dir='ltr'><strong>ex</strong></span> <span class='ocrx_word' id='word_1_144' title='bbox 1094 1698 1240 1765; x_wconf 92' lang='lat' dir='ltr'><strong>omnihus</strong></span> <span class='ocrx_word' id='word_1_145' title='bbox 1254 1698 1379 1767; x_wconf 88' lang='lat' dir='ltr'><strong>ostendi</strong></span> <span class='ocrx_word' id='word_1_146' title='bbox 1394 1698 1540 1765; x_wconf 86' lang='lat' dir='ltr'><strong>videatur</strong></span> 
     </span>
     <span class='ocr_line' id='line_1_17' title="bbox 211 1791 1204 1887; baseline -0.013 -18"><span class='ocrx_word' id='word_1_147' title='bbox 211 1802 287 1870; x_wconf 92' lang='lat' dir='ltr'><strong>nihil</strong></span> <span class='ocrx_word' id='word_1_148' title='bbox 311 1801 549 1887; x_wconf 90' lang='lat' dir='ltr'><strong>potiusquam,</strong></span> <span class='ocrx_word' id='word_1_149' title='bbox 573 1791 660 1880; x_wconf 91' lang='lat' dir='ltr'><strong>quod</strong></span> <span class='ocrx_word' id='word_1_150' title='bbox 681 1792 795 1858; x_wconf 87' lang='lat' dir='ltr'><strong>lactum</strong></span> <span class='ocrx_word' id='word_1_151' title='bbox 819 1794 875 1869; x_wconf 89' lang='lat' dir='ltr'><strong>sit,</strong></span> <span class='ocrx_word' id='word_1_152' title='bbox 900 1794 1075 1860; x_wconf 88' lang='lat' dir='ltr'><strong>laciendum</strong></span> <span class='ocrx_word' id='word_1_153' title='bbox 1097 1793 1204 1860; x_wconf 88' lang='lat' dir='ltr'><strong>luisse.</strong></span> 
     </span>
     <span class='ocr_line' id='line_1_18' title="bbox 292 1890 1539 1975; baseline -0.005 -15"><span class='ocrx_word' id='word_1_154' title='bbox 292 1899 392 1960; x_wconf 84' lang='lat' dir='ltr'><strong>XXV.</strong></span> <span class='ocrx_word' id='word_1_155' title='bbox 429 1891 575 1956; x_wconf 88' lang='lat' dir='ltr'><strong>Gradatio</strong></span> <span class='ocrx_word' id='word_1_156' title='bbox 606 1897 673 1963; x_wconf 89' lang='lat' dir='ltr'><strong>est,</strong></span> <span class='ocrx_word' id='word_1_157' title='bbox 710 1890 744 1952; x_wconf 92' lang='lat' dir='ltr'><strong>iu</strong></span> <span class='ocrx_word' id='word_1_158' title='bbox 771 1911 832 1975; x_wconf 88' lang='lat' dir='ltr'><strong>qua</strong></span> <span class='ocrx_word' id='word_1_159' title='bbox 861 1911 924 1953; x_wconf 92' lang='lat' dir='ltr'><strong>non</strong></span> <span class='ocrx_word' id='word_1_160' title='bbox 954 1897 1026 1954; x_wconf 88' lang='lat' dir='ltr'><strong>ante</strong></span> <span class='ocrx_word' id='word_1_161' title='bbox 1049 1892 1089 1953; x_wconf 88' lang='lat' dir='ltr'><strong>ad</strong></span> <span class='ocrx_word' id='word_1_162' title='bbox 1111 1910 1306 1974; x_wconf 90' lang='lat' dir='ltr'><strong>consequens</strong></span> <span class='ocrx_word' id='word_1_163' title='bbox 1328 1892 1463 1955; x_wconf 89' lang='lat' dir='ltr'><strong>verbum</strong></span> <span class='ocrx_word' id='word_1_164' title='bbox 1485 1893 1539 1954; x_wconf 91' lang='lat' dir='ltr'><strong>de·</strong></span> 
     </span>
     <span class='ocr_line' id='line_1_19' title="bbox 172 1983 1537 2072; baseline -0.007 -15"><span class='ocrx_word' id='word_1_165' title='bbox 172 2024 176 2035; x_wconf 89' lang='lat'><em>·</em></span> <span class='ocrx_word' id='word_1_166' title='bbox 208 1990 386 2062; x_wconf 89' lang='lat' dir='ltr'><strong>scenditur,</strong></span> <span class='ocrx_word' id='word_1_167' title='bbox 425 2007 517 2072; x_wconf 90' lang='lat' dir='ltr'><strong>qnam</strong></span> <span class='ocrx_word' id='word_1_168' title='bbox 549 1987 589 2048; x_wconf 94' lang='lat' dir='ltr'><strong>ad</strong></span> <span class='ocrx_word' id='word_1_169' title='bbox 611 1986 757 2068; x_wconf 90' lang='lat' dir='ltr'><strong>superius</strong></span> <span class='ocrx_word' id='word_1_170' title='bbox 779 2005 984 2048; x_wconf 88' lang='lat' dir='ltr'><strong>conscensum</strong></span> <span class='ocrx_word' id='word_1_171' title='bbox 1008 1993 1077 2058; x_wconf 89' lang='lat' dir='ltr'><strong>est,</strong></span> <span class='ocrx_word' id='word_1_172' title='bbox 1112 1983 1173 2047; x_wconf 90' lang='lat' dir='ltr'><strong>hoc</strong></span> <span class='ocrx_word' id='word_1_173' title='bbox 1195 1987 1307 2049; x_wconf 91' lang='lat' dir='ltr'><strong>modo:</strong></span> <span class='ocrx_word' id='word_1_174' title='bbox 1344 1987 1424 2050; x_wconf 87' lang='lat' dir='ltr'><strong>Nam</strong></span> <span class='ocrx_word' id='word_1_175' title='bbox 1457 2006 1537 2070; x_wconf 90' lang='lat' dir='ltr'><strong>quae</strong></span> 
     </span>
     <span class='ocr_line' id='line_1_20' title="bbox 207 2077 1535 2172; baseline -0.008 -21"><span class='ocrx_word' id='word_1_176' title='bbox 207 2086 327 2172; x_wconf 91' lang='lat' dir='ltr'><strong>reliqua</strong></span> <span class='ocrx_word' id='word_1_177' title='bbox 350 2102 422 2166; x_wconf 89' lang='lat' dir='ltr'><strong>spes</strong></span> <span class='ocrx_word' id='word_1_178' title='bbox 445 2087 550 2144; x_wconf 89' lang='lat' dir='ltr'><strong>manet</strong></span> <span class='ocrx_word' id='word_1_179' title='bbox 571 2078 745 2152; x_wconf 91' lang='lat' dir='ltr'><strong>libertatis,</strong></span> <span class='ocrx_word' id='word_1_180' title='bbox 769 2080 795 2141; x_wconf 87' lang='lat' dir='ltr'><strong>si</strong></span> <span class='ocrx_word' id='word_1_181' title='bbox 818 2079 878 2143; x_wconf 88' lang='lat' dir='ltr'><strong>illis</strong></span> <span class='ocrx_word' id='word_1_182' title='bbox 901 2088 932 2142; x_wconf 91' lang='lat' dir='ltr'><strong>et</strong></span> <span class='ocrx_word' id='word_1_183' title='bbox 954 2081 1038 2164; x_wconf 91' lang='lat' dir='ltr'><strong>quod</strong></span> <span class='ocrx_word' id='word_1_184' title='bbox 1061 2077 1157 2154; x_wconf 89' lang='lat' dir='ltr'><strong>libet,</strong></span> <span class='ocrx_word' id='word_1_185' title='bbox 1181 2079 1272 2155; x_wconf 88' lang='lat' dir='ltr'><strong>licet,</strong></span> <span class='ocrx_word' id='word_1_186' title='bbox 1297 2087 1329 2143; x_wconf 89' lang='lat' dir='ltr'><strong>et</strong></span> <span class='ocrx_word' id='word_1_187' title='bbox 1342 2081 1429 2165; x_wconf 91' lang='lat' dir='ltr'><strong>quod</strong></span> <span class='ocrx_word' id='word_1_188' title='bbox 1452 2081 1535 2152; x_wconf 88' lang='lat' dir='ltr'><strong>licet,</strong></span> 
     </span>
     <span class='ocr_line' id='line_1_21' title="bbox 169 2173 1537 2266; baseline -0.007 -21"><span class='ocrx_word' id='word_1_189' title='bbox 169 2194 197 2237; x_wconf 73' lang='lat'><strong>²0</strong></span> <span class='ocrx_word' id='word_1_190' title='bbox 209 2186 355 2266; x_wconf 88' lang='lat' dir='ltr'><strong>possunt,</strong></span> <span class='ocrx_word' id='word_1_191' title='bbox 387 2183 418 2239; x_wconf 92' lang='lat' dir='ltr'><strong>et</strong></span> <span class='ocrx_word' id='word_1_192' title='bbox 440 2177 525 2261; x_wconf 92' lang='lat' dir='ltr'><strong>quod</strong></span> <span class='ocrx_word' id='word_1_193' title='bbox 547 2182 696 2259; x_wconf 91' lang='lat' dir='ltr'><strong>possunt,</strong></span> <span class='ocrx_word' id='word_1_194' title='bbox 721 2174 858 2247; x_wconf 90' lang='lat' dir='ltr'><strong>audent,</strong></span> <span class='ocrx_word' id='word_1_195' title='bbox 894 2181 925 2236; x_wconf 90' lang='lat' dir='ltr'><strong>et</strong></span> <span class='ocrx_word' id='word_1_196' title='bbox 945 2177 1031 2258; x_wconf 90' lang='lat' dir='ltr'><strong>quod</strong></span> <span class='ocrx_word' id='word_1_197' title='bbox 1053 2176 1189 2248; x_wconf 89' lang='lat' dir='ltr'><strong>audent,</strong></span> <span class='ocrx_word' id='word_1_198' title='bbox 1222 2173 1358 2246; x_wconf 83' lang='lat' dir='ltr'><strong>iaciunt,</strong></span> <span class='ocrx_word' id='word_1_199' title='bbox 1392 2182 1424 2237; x_wconf 90' lang='lat' dir='ltr'><strong>et</strong></span> <span class='ocrx_word' id='word_1_200' title='bbox 1454 2176 1537 2259; x_wconf 94' lang='lat' dir='ltr'><strong>quod</strong></span> 
     </span>
     <span class='ocr_line' id='line_1_22' title="bbox 206 2262 1536 2346; baseline -0.006 -8"><span class='ocrx_word' id='word_1_201' title='bbox 206 2262 351 2346; x_wconf 74' lang='lat' dir='ltr'><strong>iaciunt,</strong></span> <span class='ocrx_word' id='word_1_202' title='bbox 370 2271 461 2335; x_wconf 89' lang='lat' dir='ltr'><strong>vobis</strong></span> <span class='ocrx_word' id='word_1_203' title='bbox 484 2270 652 2333; x_wconf 90' lang='lat' dir='ltr'><strong>molestum</strong></span> <span class='ocrx_word' id='word_1_204' title='bbox 674 2289 738 2331; x_wconf 89' lang='lat' dir='ltr'><strong>nou</strong></span> <span class='ocrx_word' id='word_1_205' title='bbox 760 2272 828 2330; x_wconf 86' lang='lat' dir='ltr'><strong>est‘t</strong></span> <span class='ocrx_word' id='word_1_206' title='bbox 866 2268 963 2330; x_wconf 89' lang='lat' dir='ltr'><strong>ltem:</strong></span> <span class='ocrx_word' id='word_1_207' title='bbox 988 2271 1058 2331; x_wconf 90' lang='lat' dir='ltr'><strong>Non</strong></span> <span class='ocrx_word' id='word_1_208' title='bbox 1081 2270 1164 2332; x_wconf 90' lang='lat' dir='ltr'><strong>sensi</strong></span> <span class='ocrx_word' id='word_1_209' title='bbox 1187 2271 1269 2342; x_wconf 92' lang='lat' dir='ltr'><strong>hoc,</strong></span> <span class='ocrx_word' id='word_1_210' title='bbox 1294 2277 1326 2332; x_wconf 89' lang='lat' dir='ltr'><strong>et</strong></span> <span class='ocrx_word' id='word_1_211' title='bbox 1348 2287 1411 2332; x_wconf 89' lang='lat' dir='ltr'><strong>non</strong></span> <span class='ocrx_word' id='word_1_212' title='bbox 1433 2270 1536 2345; x_wconf 88' lang='lat' dir='ltr'><strong>suasi;</strong></span> 
     </span>
     <span class='ocr_line' id='line_1_23' title="bbox 208 2359 1537 2453; baseline -0.007 -20"><span class='ocrx_word' id='word_1_213' title='bbox 208 2389 310 2453; x_wconf 89' lang='lat' dir='ltr'><strong>neque</strong></span> <span class='ocrx_word' id='word_1_214' title='bbox 333 2365 438 2439; x_wconf 89' lang='lat' dir='ltr'><strong>suasi,</strong></span> <span class='ocrx_word' id='word_1_215' title='bbox 472 2372 503 2427; x_wconf 90' lang='lat' dir='ltr'><strong>et</strong></span> <span class='ocrx_word' id='word_1_216' title='bbox 532 2382 596 2426; x_wconf 91' lang='lat' dir='ltr'><strong>non</strong></span> <span class='ocrx_word' id='word_1_217' title='bbox 627 2361 694 2446; x_wconf 88' lang='lat' dir='ltr'><strong>ipse</strong></span> <span class='ocrx_word' id='word_1_218' title='bbox 717 2363 821 2425; x_wconf 89' lang='lat' dir='ltr'><strong>statim</strong></span> <span class='ocrx_word' id='word_1_219' title='bbox 843 2359 947 2425; x_wconf 88' lang='lat' dir='ltr'><strong>lacere</strong></span> <span class='ocrx_word' id='word_1_220' title='bbox 970 2364 1080 2448; x_wconf 86' lang='lat' dir='ltr'><strong>coepi;</strong></span> <span class='ocrx_word' id='word_1_221' title='bbox 1114 2383 1216 2448; x_wconf 92' lang='lat' dir='ltr'><strong>neque</strong></span> <span class='ocrx_word' id='word_1_222' title='bbox 1238 2362 1341 2426; x_wconf 87' lang='lat' dir='ltr'><strong>lacere</strong></span> <span class='ocrx_word' id='word_1_223' title='bbox 1364 2363 1476 2448; x_wconf 80' lang='lat' dir='ltr'><strong>coepi,</strong></span> <span class='ocrx_word' id='word_1_224' title='bbox 1507 2370 1537 2426; x_wconf 93' lang='lat' dir='ltr'><strong>et</strong></span> 
     </span>
     <span class='ocr_line' id='line_1_24' title="bbox 206 2456 1535 2546; baseline -0.005 -20"><span class='ocrx_word' id='word_1_225' title='bbox 206 2483 270 2526; x_wconf 92' lang='lat' dir='ltr'><strong>nou</strong></span> <span class='ocrx_word' id='word_1_226' title='bbox 291 2459 433 2546; x_wconf 87' lang='lat' dir='ltr'><strong>perleci;</strong></span> <span class='ocrx_word' id='word_1_227' title='bbox 458 2477 560 2543; x_wconf 89' lang='lat' dir='ltr'><strong>neque</strong></span> <span class='ocrx_word' id='word_1_228' title='bbox 582 2456 719 2541; x_wconf 80' lang='lat' dir='ltr'><strong>perfeci,</strong></span> <span class='ocrx_word' id='word_1_229' title='bbox 744 2464 776 2519; x_wconf 91' lang='lat' dir='ltr'><strong>et</strong></span> <span class='ocrx_word' id='word_1_230' title='bbox 798 2476 862 2518; x_wconf 90' lang='lat' dir='ltr'><strong>nou</strong></span> <span class='ocrx_word' id='word_1_231' title='bbox 884 2458 1027 2539; x_wconf 90' lang='lat' dir='ltr'><strong>probavi.</strong></span> <span class='ocrx_word' id='word_1_232' title='bbox 1073 2458 1173 2522; x_wconf 91' lang='lat' dir='ltr'><strong>ltem:</strong></span> <span class='ocrx_word' id='word_1_233' title='bbox 1212 2459 1359 2521; x_wconf 83' lang='lat' dir='ltr'><strong>hiricano</strong></span> <span class='ocrx_word' id='word_1_234' title='bbox 1383 2459 1535 2520; x_wconf 90' lang='lat' dir='ltr'><strong>industria</strong></span> 
     </span>
     <span class='ocr_line' id='line_1_25' title="bbox 207 2550 1535 2638; baseline -0.005 -18"><span class='ocrx_word' id='word_1_235' title='bbox 207 2559 377 2629; x_wconf 90' lang='lat' dir='ltr'><strong>virtutem,</strong></span> <span class='ocrx_word' id='word_1_236' title='bbox 401 2555 502 2617; x_wconf 91' lang='lat' dir='ltr'><strong>virtus</strong></span> <span class='ocrx_word' id='word_1_237' title='bbox 525 2551 673 2634; x_wconf 84' lang='lat' dir='ltr'><strong>gloriam,</strong></span> <span class='ocrx_word' id='word_1_238' title='bbox 708 2551 811 2633; x_wconf 89' lang='lat' dir='ltr'><strong>gloria</strong></span> <span class='ocrx_word' id='word_1_239' title='bbox 832 2550 973 2614; x_wconf 88' lang='lat' dir='ltr'><strong>aemulos</strong></span> <span class='ocrx_word' id='word_1_240' title='bbox 995 2553 1197 2637; x_wconf 88' lang='lat' dir='ltr'><strong>comparavit.</strong></span> <span class='ocrx_word' id='word_1_241' title='bbox 1242 2555 1340 2615; x_wconf 85' lang='lat' dir='ltr'><strong>ltem:</strong></span> <span class='ocrx_word' id='word_1_242' title='bbox 1366 2552 1535 2638; x_wconf 84' lang='lat' dir='ltr'><strong>Imperium</strong></span> 
     </span>
     <span class='ocr_line' id='line_1_26' title="bbox 169 2646 1534 2732; baseline -0.005 -16"><span class='ocrx_word' id='word_1_243' title='bbox 169 2652 356 2716; x_wconf 61' lang='lat' dir='ltr'><strong>”Graeciae</strong></span> <span class='ocrx_word' id='word_1_244' title='bbox 386 2646 445 2712; x_wconf 87' lang='lat' dir='ltr'><strong>luit</strong></span> <span class='ocrx_word' id='word_1_245' title='bbox 472 2667 568 2732; x_wconf 91' lang='lat' dir='ltr'><strong>penes</strong></span> <span class='ocrx_word' id='word_1_246' title='bbox 598 2646 827 2719; x_wconf 75' lang='lat' dir='ltr'><strong>Athenienses,</strong></span> <span class='ocrx_word' id='word_1_247' title='bbox 865 2646 1103 2710; x_wconf 73' lang='lat' dir='ltr'><strong>Atheniensium</strong></span> <span class='ocrx_word' id='word_1_248' title='bbox 1130 2647 1220 2731; x_wconf 85' lang='lat' dir='ltr'><strong>potiti</strong></span> <span class='ocrx_word' id='word_1_249' title='bbox 1250 2654 1321 2710; x_wconf 91' lang='lat' dir='ltr'><strong>sunt</strong></span> <span class='ocrx_word' id='word_1_250' title='bbox 1350 2647 1534 2730; x_wconf 84' lang='lat' dir='ltr'><strong>Spartiatae,</strong></span> 
     </span>
     <span class='ocr_line' id='line_1_27' title="bbox 208 2737 1536 2831; baseline -0.005 -20"><span class='ocrx_word' id='word_1_251' title='bbox 208 2748 379 2831; x_wconf 81' lang='lat' dir='ltr'><strong>Spartiates</strong></span> <span class='ocrx_word' id='word_1_252' title='bbox 400 2761 591 2827; x_wconf 88' lang='lat' dir='ltr'><strong>superavere</strong></span> <span class='ocrx_word' id='word_1_253' title='bbox 614 2737 773 2812; x_wconf 90' lang='lat' dir='ltr'><strong>Thebani,</strong></span> <span class='ocrx_word' id='word_1_254' title='bbox 806 2741 974 2803; x_wconf 87' lang='lat' dir='ltr'><strong>Thebanos</strong></span> <span class='ocrx_word' id='word_1_255' title='bbox 1003 2743 1190 2805; x_wconf 86' lang='lat' dir='ltr'><strong>Macedones</strong></span> <span class='ocrx_word' id='word_1_256' title='bbox 1219 2740 1375 2812; x_wconf 81' lang='lat' dir='ltr'><strong>vic&#39;eruut,</strong></span> <span class='ocrx_word' id='word_1_257' title='bbox 1414 2743 1469 2826; x_wconf 92' lang='lat' dir='ltr'><strong>qui</strong></span> <span class='ocrx_word' id='word_1_258' title='bbox 1498 2743 1536 2804; x_wconf 88' lang='lat' dir='ltr'><strong>ad</strong></span> 
     </span>
     <span class='ocr_line' id='line_1_28' title="bbox 207 2834 1533 2929; baseline -0.006 -23"><span class='ocrx_word' id='word_1_259' title='bbox 207 2844 375 2929; x_wconf 90' lang='lat' dir='ltr'><strong>imperium</strong></span> <span class='ocrx_word' id='word_1_260' title='bbox 410 2837 559 2901; x_wconf 87' lang='lat' dir='ltr'><strong>Graeciae</strong></span> <span class='ocrx_word' id='word_1_261' title='bbox 591 2834 681 2898; x_wconf 90' lang='lat' dir='ltr'><strong>brevi</strong></span> <span class='ocrx_word' id='word_1_262' title='bbox 712 2840 854 2918; x_wconf 91' lang='lat' dir='ltr'><strong>tempore</strong></span> <span class='ocrx_word' id='word_1_263' title='bbox 881 2835 1094 2898; x_wconf 80' lang='lat' dir='ltr'><strong>adiunxerant</strong></span> <span class='ocrx_word' id='word_1_264' title='bbox 1127 2837 1230 2899; x_wconf 76' lang='lat' dir='ltr'><strong>Asiam</strong></span> <span class='ocrx_word' id='word_1_265' title='bbox 1253 2834 1339 2898; x_wconf 88' lang='lat' dir='ltr'><strong>hello</strong></span> <span class='ocrx_word' id='word_1_266' title='bbox 1362 2838 1533 2900; x_wconf 86' lang='lat' dir='ltr'><strong>subactam.</strong></span> 
     </span>
     <span class='ocr_line' id='line_1_29' title="bbox 209 2929 1536 3016; baseline -0.005 -15"><span class='ocrx_word' id='word_1_267' title='bbox 209 2940 261 3001; x_wconf 85' lang='grc'><strong>35.</strong></span> <span class='ocrx_word' id='word_1_268' title='bbox 296 2938 398 2999; x_wconf 84' lang='lat' dir='ltr'><strong>llabet</strong></span> <span class='ocrx_word' id='word_1_269' title='bbox 420 2933 452 2995; x_wconf 93' lang='lat' dir='ltr'><strong>in</strong></span> <span class='ocrx_word' id='word_1_270' title='bbox 476 2953 509 2995; x_wconf 89' lang='lat' dir='ltr'><strong>se</strong></span> <span class='ocrx_word' id='word_1_271' title='bbox 532 2931 688 3016; x_wconf 88' lang='lat' dir='ltr'><strong>quendam</strong></span> <span class='ocrx_word' id='word_1_272' title='bbox 711 2929 850 3013; x_wconf 88' lang='lat' dir='ltr'><strong>leporem</strong></span> <span class='ocrx_word' id='word_1_273' title='bbox 874 2931 1045 3013; x_wconf 86' lang='lat' dir='ltr'><strong>superioris</strong></span> <span class='ocrx_word' id='word_1_274' title='bbox 1068 2931 1219 3016; x_wconf 87' lang='lat' dir='ltr'><strong>cuiusque</strong></span> <span class='ocrx_word' id='word_1_275' title='bbox 1249 2932 1363 2993; x_wconf 89' lang='lat' dir='ltr'><strong>crebra</strong></span> <span class='ocrx_word' id='word_1_276' title='bbox 1391 2932 1536 3016; x_wconf 89' lang='lat' dir='ltr'><strong>repetitio</strong></span> 
     </span>
     <span class='ocr_line' id='line_1_30' title="bbox 206 3022 1006 3114; baseline -0.009 -19"><span class='ocrx_word' id='word_1_277' title='bbox 206 3027 318 3105; x_wconf 88' lang='lat' dir='ltr'><strong>verbi,</strong></span> <span class='ocrx_word' id='word_1_278' title='bbox 344 3048 423 3114; x_wconf 88' lang='lat' dir='ltr'><strong>quae</strong></span> <span class='ocrx_word' id='word_1_279' title='bbox 446 3026 575 3110; x_wconf 88' lang='lat' dir='ltr'><strong>propria</strong></span> <span class='ocrx_word' id='word_1_280' title='bbox 597 3031 644 3086; x_wconf 91' lang='lat' dir='ltr'><strong>est</strong></span> <span class='ocrx_word' id='word_1_281' title='bbox 664 3022 758 3085; x_wconf 91' lang='lat' dir='ltr'><strong>huius</strong></span> <span class='ocrx_word' id='word_1_282' title='bbox 781 3025 1006 3088; x_wconf 80' lang='lat' dir='ltr'><strong>cremationis.</strong></span> 
     </span>
     <span class='ocr_line' id='line_1_31' title="bbox 170 3114 1535 3204; baseline -0.003 -16"><span class='ocrx_word' id='word_1_283' title='bbox 170 3148 197 3188; x_wconf 85' lang='lat' dir='ltr'><strong>ao</strong></span> <span class='ocrx_word' id='word_1_284' title='bbox 290 3122 438 3187; x_wconf 91' lang='lat' dir='ltr'><strong>Delinitio</strong></span> <span class='ocrx_word' id='word_1_285' title='bbox 462 3128 531 3193; x_wconf 92' lang='lat' dir='ltr'><strong>est,</strong></span> <span class='ocrx_word' id='word_1_286' title='bbox 555 3137 635 3203; x_wconf 92' lang='lat' dir='ltr'><strong>quae</strong></span> <span class='ocrx_word' id='word_1_287' title='bbox 658 3117 704 3180; x_wconf 92' lang='lat' dir='ltr'><strong>rei</strong></span> <span class='ocrx_word' id='word_1_288' title='bbox 727 3114 858 3179; x_wconf 88' lang='lat' dir='ltr'><strong>alicuius</strong></span> <span class='ocrx_word' id='word_1_289' title='bbox 880 3120 1024 3202; x_wconf 91' lang='lat' dir='ltr'><strong>proprias</strong></span> <span class='ocrx_word' id='word_1_290' title='bbox 1046 3120 1246 3204; x_wconf 87' lang='lat' dir='ltr'><strong>amplectitur</strong></span> <span class='ocrx_word' id='word_1_291' title='bbox 1267 3126 1441 3204; x_wconf 83' lang='lat' dir='ltr'><strong>potestates</strong></span> <span class='ocrx_word' id='word_1_292' title='bbox 1464 3122 1535 3184; x_wconf 90' lang='lat' dir='ltr'><strong>hre-</strong></span> 
     </span>
     <span class='ocr_line' id='line_1_32' title="bbox 206 3212 1536 3300; baseline -0.003 -17"><span class='ocrx_word' id='word_1_293' title='bbox 206 3220 340 3283; x_wconf 81' lang='lat' dir='ltr'><strong>vitaret</strong></span> <span class='ocrx_word' id='word_1_294' title='bbox 362 3215 521 3283; x_wconf 85' lang='lat' dir='ltr'><strong>absolute,</strong></span> <span class='ocrx_word' id='word_1_295' title='bbox 544 3214 605 3276; x_wconf 90' lang='lat' dir='ltr'><strong>hoc</strong></span> <span class='ocrx_word' id='word_1_296' title='bbox 628 3213 737 3275; x_wconf 91' lang='lat' dir='ltr'><strong>modo:</strong></span> <span class='ocrx_word' id='word_1_297' title='bbox 764 3212 909 3274; x_wconf 85' lang='lat' dir='ltr'><strong>Maiestas</strong></span> <span class='ocrx_word' id='word_1_298' title='bbox 931 3215 976 3276; x_wconf 93' lang='lat' dir='ltr'><strong>rei</strong></span> <span class='ocrx_word' id='word_1_299' title='bbox 999 3214 1144 3297; x_wconf 90' lang='lat' dir='ltr'><strong>publicae</strong></span> <span class='ocrx_word' id='word_1_300' title='bbox 1167 3223 1231 3289; x_wconf 90' lang='lat' dir='ltr'><strong>est,</strong></span> <span class='ocrx_word' id='word_1_301' title='bbox 1253 3216 1287 3277; x_wconf 93' lang='lat' dir='ltr'><strong>in</strong></span> <span class='ocrx_word' id='word_1_302' title='bbox 1309 3235 1371 3300; x_wconf 91' lang='lat' dir='ltr'><strong>qua</strong></span> <span class='ocrx_word' id='word_1_303' title='bbox 1394 3217 1536 3280; x_wconf 89' lang='lat' dir='ltr'><strong>contine·</strong></span> 
     </span>
     <span class='ocr_line' id='line_1_33' title="bbox 207 3305 1537 3395; baseline -0.002 -20"><span class='ocrx_word' id='word_1_304' title='bbox 207 3320 257 3375; x_wconf 90' lang='lat' dir='ltr'><strong>tur</strong></span> <span class='ocrx_word' id='word_1_305' title='bbox 280 3310 414 3393; x_wconf 86' lang='lat' dir='ltr'><strong>dignitas</strong></span> <span class='ocrx_word' id='word_1_306' title='bbox 436 3315 467 3371; x_wconf 91' lang='lat' dir='ltr'><strong>et</strong></span> <span class='ocrx_word' id='word_1_307' title='bbox 489 3305 661 3390; x_wconf 88' lang='lat' dir='ltr'><strong>amplitudo</strong></span> <span class='ocrx_word' id='word_1_308' title='bbox 685 3305 829 3367; x_wconf 89' lang='lat' dir='ltr'><strong>civitatis.</strong></span> <span class='ocrx_word' id='word_1_309' title='bbox 875 3307 972 3369; x_wconf 88' lang='lat' dir='ltr'><strong>ltem:</strong></span> <span class='ocrx_word' id='word_1_310' title='bbox 1007 3309 1144 3372; x_wconf 88' lang='lat' dir='ltr'><strong>Iniuriae</strong></span> <span class='ocrx_word' id='word_1_311' title='bbox 1167 3316 1258 3382; x_wconf 90' lang='lat' dir='ltr'><strong>sunt,</strong></span> <span class='ocrx_word' id='word_1_312' title='bbox 1291 3329 1371 3394; x_wconf 88' lang='lat' dir='ltr'><strong>quae</strong></span> <span class='ocrx_word' id='word_1_313' title='bbox 1394 3319 1448 3372; x_wconf 86' lang='lat' dir='ltr'><strong>aut</strong></span> <span class='ocrx_word' id='word_1_314' title='bbox 1470 3312 1537 3395; x_wconf 93' lang='lat' dir='ltr'><strong>pul·</strong></span> 
     </span>
     <span class='ocr_line' id='line_1_34' title="bbox 207 3400 1536 3489; baseline -0.001 -20"><span class='ocrx_word' id='word_1_315' title='bbox 207 3407 328 3469; x_wconf 88' lang='lat' dir='ltr'><strong>satione</strong></span> <span class='ocrx_word' id='word_1_316' title='bbox 351 3422 465 3487; x_wconf 90' lang='lat' dir='ltr'><strong>corpus</strong></span> <span class='ocrx_word' id='word_1_317' title='bbox 487 3410 541 3463; x_wconf 88' lang='lat' dir='ltr'><strong>aut</strong></span> <span class='ocrx_word' id='word_1_318' title='bbox 563 3400 705 3464; x_wconf 90' lang='lat' dir='ltr'><strong>convicio</strong></span> <span class='ocrx_word' id='word_1_319' title='bbox 729 3419 819 3462; x_wconf 88' lang='lat' dir='ltr'><strong>aures</strong></span> <span class='ocrx_word' id='word_1_320' title='bbox 841 3409 895 3464; x_wconf 88' lang='lat' dir='ltr'><strong>aut</strong></span> <span class='ocrx_word' id='word_1_321' title='bbox 915 3401 1020 3486; x_wconf 91' lang='lat' dir='ltr'><strong>aliqua</strong></span> <span class='ocrx_word' id='word_1_322' title='bbox 1042 3406 1236 3488; x_wconf 89' lang='lat' dir='ltr'><strong>turpitudine</strong></span> <span class='ocrx_word' id='word_1_323' title='bbox 1251 3406 1347 3468; x_wconf 87' lang='lat' dir='ltr'><strong>vitam</strong></span> <span class='ocrx_word' id='word_1_324' title='bbox 1363 3405 1536 3489; x_wconf 89' lang='lat' dir='ltr'><strong>cuiuspiam</strong></span> 
     </span>
     <span class='ocr_line' id='line_1_35' title="bbox 206 3495 1538 3584; baseline 0 -21"><span class='ocrx_word' id='word_1_325' title='bbox 206 3500 337 3563; x_wconf 89' lang='lat' dir='ltr'><strong>violant.</strong></span> <span class='ocrx_word' id='word_1_326' title='bbox 382 3503 477 3561; x_wconf 90' lang='lat' dir='ltr'><strong>ltem:</strong></span> <span class='ocrx_word' id='word_1_327' title='bbox 503 3499 571 3559; x_wconf 93' lang='lat' dir='ltr'><strong>Non</strong></span> <span class='ocrx_word' id='word_1_328' title='bbox 595 3504 642 3559; x_wconf 90' lang='lat' dir='ltr'><strong>est</strong></span> <span class='ocrx_word' id='word_1_329' title='bbox 662 3496 720 3558; x_wconf 87' lang='lat' dir='ltr'><strong>ista</strong></span> <span class='ocrx_word' id='word_1_330' title='bbox 736 3495 915 3577; x_wconf 87' lang='lat' dir='ltr'><strong>diligentia,</strong></span> <span class='ocrx_word' id='word_1_331' title='bbox 940 3499 994 3561; x_wconf 90' lang='lat' dir='ltr'><strong>sed</strong></span> <span class='ocrx_word' id='word_1_332' title='bbox 1010 3500 1161 3574; x_wconf 87' lang='lat' dir='ltr'><strong>avaritia,</strong></span> <span class='ocrx_word' id='word_1_333' title='bbox 1187 3500 1260 3564; x_wconf 92' lang='lat' dir='ltr'><strong>ideo</strong></span> <span class='ocrx_word' id='word_1_334' title='bbox 1276 3497 1360 3584; x_wconf 90' lang='lat' dir='ltr'><strong>quod</strong></span> <span class='ocrx_word' id='word_1_335' title='bbox 1376 3500 1538 3583; x_wconf 90' lang='lat' dir='ltr'><strong>diligentia</strong></span> 
     </span>
     <span class='ocr_line' id='line_1_36' title="bbox 171 3592 1534 3678; baseline -0.003 -18"><span class='ocrx_word' id='word_1_336' title='bbox 171 3604 255 3661; x_wconf 77' lang='lat' dir='ltr'><strong>esest</strong></span> <span class='ocrx_word' id='word_1_337' title='bbox 277 3600 423 3658; x_wconf 89' lang='lat' dir='ltr'><strong>accurata</strong></span> <span class='ocrx_word' id='word_1_338' title='bbox 444 3592 640 3655; x_wconf 90' lang='lat' dir='ltr'><strong>conservatio</strong></span> <span class='ocrx_word' id='word_1_339' title='bbox 664 3611 812 3664; x_wconf 89' lang='lat' dir='ltr'><strong>suorum,</strong></span> <span class='ocrx_word' id='word_1_340' title='bbox 837 3592 984 3665; x_wconf 87' lang='lat' dir='ltr'><strong>avaritia,</strong></span> <span class='ocrx_word' id='word_1_341' title='bbox 1007 3595 1159 3658; x_wconf 90' lang='lat' dir='ltr'><strong>iniuriosa</strong></span> <span class='ocrx_word' id='word_1_342' title='bbox 1180 3595 1331 3678; x_wconf 90' lang='lat' dir='ltr'><strong>appetitio</strong></span> <span class='ocrx_word' id='word_1_343' title='bbox 1347 3594 1534 3657; x_wconf 90' lang='lat' dir='ltr'><strong>alienorum.</strong></span> 
     </span>
     <span class='ocr_line' id='line_1_37' title="bbox 207 3676 1538 3775; baseline -0.002 -22"><span class='ocrx_word' id='word_1_344' title='bbox 207 3693 307 3754; x_wconf 90' lang='lat' dir='ltr'><strong>ltem:</strong></span> <span class='ocrx_word' id='word_1_345' title='bbox 345 3691 415 3750; x_wconf 89' lang='lat' dir='ltr'><strong>Non</strong></span> <span class='ocrx_word' id='word_1_346' title='bbox 438 3696 485 3750; x_wconf 92' lang='lat' dir='ltr'><strong>est</strong></span> <span class='ocrx_word' id='word_1_347' title='bbox 507 3688 565 3749; x_wconf 90' lang='lat' dir='ltr'><strong>ista</strong></span> <span class='ocrx_word' id='word_1_348' title='bbox 588 3684 757 3759; x_wconf 90' lang='lat' dir='ltr'><strong>lortitud0,</strong></span> <span class='ocrx_word' id='word_1_349' title='bbox 790 3688 845 3750; x_wconf 90' lang='lat' dir='ltr'><strong>sed</strong></span> <span class='ocrx_word' id='word_1_350' title='bbox 868 3687 1049 3764; x_wconf 87' lang='lat' dir='ltr'><strong>temeritas,</strong></span> <span class='ocrx_word' id='word_1_351' title='bbox 1083 3698 1249 3774; x_wconf 88' lang='lat' dir='ltr'><strong>propterea</strong></span> <span class='ocrx_word' id='word_1_352' title='bbox 1278 3691 1363 3775; x_wconf 93' lang='lat' dir='ltr'><strong>quod</strong></span> <span class='ocrx_word' id='word_1_353' title='bbox 1385 3676 1538 3753; x_wconf 83' lang='lat' dir='ltr'><strong>lortitudo&#39;</strong></span> 
     </span>
     <span class='ocr_line' id='line_1_38' title="bbox 209 3779 1537 3867; baseline -0.004 -18"><span class='ocrx_word' id='word_1_354' title='bbox 209 3794 255 3849; x_wconf 90' lang='lat' dir='ltr'><strong>est</strong></span> <span class='ocrx_word' id='word_1_355' title='bbox 276 3783 468 3866; x_wconf 91' lang='lat' dir='ltr'><strong>contemptio</strong></span> <span class='ocrx_word' id='word_1_356' title='bbox 492 3779 610 3844; x_wconf 90' lang='lat' dir='ltr'><strong>laboris</strong></span> <span class='ocrx_word' id='word_1_357' title='bbox 633 3788 663 3843; x_wconf 90' lang='lat' dir='ltr'><strong>et</strong></span> <span class='ocrx_word' id='word_1_358' title='bbox 686 3780 816 3863; x_wconf 91' lang='lat' dir='ltr'><strong>periculi</strong></span> <span class='ocrx_word' id='word_1_359' title='bbox 840 3803 910 3846; x_wconf 90' lang='lat' dir='ltr'><strong>cum</strong></span> <span class='ocrx_word' id='word_1_360' title='bbox 932 3784 1055 3847; x_wconf 88' lang='lat' dir='ltr'><strong>ratione</strong></span> <span class='ocrx_word' id='word_1_361' title='bbox 1076 3784 1217 3848; x_wconf 86' lang='lat' dir='ltr'><strong>utilitatis</strong></span> <span class='ocrx_word' id='word_1_362' title='bbox 1234 3793 1264 3847; x_wconf 90' lang='lat' dir='ltr'><strong>et</strong></span> <span class='ocrx_word' id='word_1_363' title='bbox 1279 3784 1537 3867; x_wconf 88' lang='lat' dir='ltr'><strong>compensatione</strong></span> 
     </span>
     <span class='ocr_line' id='line_1_39' title="bbox 209 3876 1536 3962; baseline -0.002 -20"><span class='ocrx_word' id='word_1_364' title='bbox 209 3879 467 3950; x_wconf 90' lang='lat' dir='ltr'><strong>commodorum,</strong></span> <span class='ocrx_word' id='word_1_365' title='bbox 514 3876 674 3939; x_wconf 89' lang='lat' dir='ltr'><strong>temeritas</strong></span> <span class='ocrx_word' id='word_1_366' title='bbox 708 3886 755 3939; x_wconf 88' lang='lat' dir='ltr'><strong>est</strong></span> <span class='ocrx_word' id='word_1_367' title='bbox 787 3898 858 3939; x_wconf 93' lang='lat' dir='ltr'><strong>cum</strong></span> <span class='ocrx_word' id='word_1_368' title='bbox 891 3879 1121 3942; x_wconf 87' lang='lat' dir='ltr'><strong>inconsiderata</strong></span> <span class='ocrx_word' id='word_1_369' title='bbox 1154 3878 1298 3943; x_wconf 91' lang='lat' dir='ltr'><strong>laborum</strong></span> <span class='ocrx_word' id='word_1_370' title='bbox 1332 3878 1536 3962; x_wconf 87' lang='lat' dir='ltr'><strong>perpessione</strong></span> 
     </span>
     <span class='ocr_line' id='line_1_40' title="bbox 210 3969 1537 4058; baseline -0.003 -20"><span class='ocrx_word' id='word_1_371' title='bbox 210 3973 394 4058; x_wconf 87' lang='lat' dir='ltr'><strong>gladiatoria</strong></span> <span class='ocrx_word' id='word_1_372' title='bbox 415 3969 626 4057; x_wconf 90' lang='lat' dir='ltr'><strong>periculorum</strong></span> <span class='ocrx_word' id='word_1_373' title='bbox 649 3971 817 4055; x_wconf 87' lang='lat' dir='ltr'><strong>susceptio.</strong></span> <span class='ocrx_word' id='word_1_374' title='bbox 863 3974 947 4035; x_wconf 91' lang='lat' dir='ltr'><strong>llaec</strong></span> <span class='ocrx_word' id='word_1_375' title='bbox 970 3974 1041 4036; x_wconf 94' lang='lat' dir='ltr'><strong>ideo</strong></span> <span class='ocrx_word' id='word_1_376' title='bbox 1065 3976 1230 4038; x_wconf 91' lang='lat' dir='ltr'><strong>commoda</strong></span> <span class='ocrx_word' id='word_1_377' title='bbox 1254 3981 1379 4058; x_wconf 89' lang='lat' dir='ltr'><strong>putatur</strong></span> <span class='ocrx_word' id='word_1_378' title='bbox 1402 3991 1537 4035; x_wconf 84' lang='lat' dir='ltr'><strong>exorna-</strong></span> 
     </span>
     <span class='ocr_line' id='line_1_41' title="bbox 173 4065 1537 4154; baseline -0.003 -20"><span class='ocrx_word' id='word_1_379' title='bbox 173 4072 274 4143; x_wconf 76' lang='lat' dir='ltr'><strong>aotio,</strong></span> <span class='ocrx_word' id='word_1_380' title='bbox 302 4070 386 4154; x_wconf 92' lang='lat' dir='ltr'><strong>quod</strong></span> <span class='ocrx_word' id='word_1_381' title='bbox 409 4087 535 4131; x_wconf 84' lang='lat' dir='ltr'><strong>omnem</strong></span> <span class='ocrx_word' id='word_1_382' title='bbox 558 4067 602 4129; x_wconf 91' lang='lat' dir='ltr'><strong>rei</strong></span> <span class='ocrx_word' id='word_1_383' title='bbox 626 4066 798 4149; x_wconf 89' lang='lat' dir='ltr'><strong>cuiuspiam</strong></span> <span class='ocrx_word' id='word_1_384' title='bbox 821 4066 882 4127; x_wconf 92' lang='lat' dir='ltr'><strong>vim</strong></span> <span class='ocrx_word' id='word_1_385' title='bbox 906 4073 937 4128; x_wconf 91' lang='lat' dir='ltr'><strong>et</strong></span> <span class='ocrx_word' id='word_1_386' title='bbox 959 4075 1144 4151; x_wconf 87' lang='lat' dir='ltr'><strong>potestatem</strong></span> <span class='ocrx_word' id='word_1_387' title='bbox 1166 4068 1208 4131; x_wconf 91' lang='lat' dir='ltr'><strong>ita</strong></span> <span class='ocrx_word' id='word_1_388' title='bbox 1231 4065 1366 4132; x_wconf 89' lang='lat' dir='ltr'><strong>dilucide</strong></span> <span class='ocrx_word' id='word_1_389' title='bbox 1387 4070 1537 4153; x_wconf 91' lang='lat' dir='ltr'><strong>proponit</strong></span> 
     </span>
     <span class='ocr_line' id='line_1_42' title="bbox 211 4158 1535 4248; baseline -0.004 -19"><span class='ocrx_word' id='word_1_390' title='bbox 211 4176 240 4229; x_wconf 88' lang='lat' dir='ltr'><strong>et</strong></span> <span class='ocrx_word' id='word_1_391' title='bbox 264 4165 420 4239; x_wconf 86' lang='lat' dir='ltr'><strong>breviter,</strong></span> <span class='ocrx_word' id='word_1_392' title='bbox 454 4169 488 4225; x_wconf 89' lang='lat' dir='ltr'><strong>ut</strong></span> <span class='ocrx_word' id='word_1_393' title='bbox 516 4182 618 4246; x_wconf 89' lang='lat' dir='ltr'><strong>neque</strong></span> <span class='ocrx_word' id='word_1_394' title='bbox 649 4158 790 4244; x_wconf 93' lang='lat' dir='ltr'><strong>pluribus</strong></span> <span class='ocrx_word' id='word_1_395' title='bbox 822 4161 928 4223; x_wconf 88' lang='lat' dir='ltr'><strong>verbis</strong></span> <span class='ocrx_word' id='word_1_396' title='bbox 957 4163 1134 4244; x_wconf 91' lang='lat' dir='ltr'><strong>oportuisse</strong></span> <span class='ocrx_word' id='word_1_397' title='bbox 1165 4163 1227 4225; x_wconf 93' lang='lat' dir='ltr'><strong>dici</strong></span> <span class='ocrx_word' id='word_1_398' title='bbox 1256 4162 1400 4226; x_wconf 87' lang='lat' dir='ltr'><strong>videatur</strong></span> <span class='ocrx_word' id='word_1_399' title='bbox 1434 4183 1535 4248; x_wconf 88' lang='lat' dir='ltr'><strong>neque</strong></span> 
     </span>
     <span class='ocr_line' id='line_1_43' title="bbox 211 4256 750 4343; baseline -0.011 -21"><span class='ocrx_word' id='word_1_400' title='bbox 211 4260 345 4324; x_wconf 90' lang='lat' dir='ltr'><strong>lucidius</strong></span> <span class='ocrx_word' id='word_1_401' title='bbox 366 4258 506 4343; x_wconf 90' lang='lat' dir='ltr'><strong>potuisse</strong></span> <span class='ocrx_word' id='word_1_402' title='bbox 529 4256 590 4319; x_wconf 93' lang='lat' dir='ltr'><strong>dici</strong></span> <span class='ocrx_word' id='word_1_403' title='bbox 613 4262 750 4339; x_wconf 89' lang='lat' dir='ltr'><strong>putetur.</strong></span> 
     </span>
     <span class='ocr_line' id='line_1_44' title="bbox 294 4352 1535 4438; baseline 0 -21"><span class='ocrx_word' id='word_1_404' title='bbox 294 4355 408 4420; x_wconf 85' lang='lat' dir='ltr'><strong>XXVl.</strong></span> <span class='ocrx_word' id='word_1_405' title='bbox 433 4352 589 4415; x_wconf 86' lang='lat' dir='ltr'><strong>Transitio</strong></span> <span class='ocrx_word' id='word_1_406' title='bbox 610 4357 762 4420; x_wconf 91' lang='lat' dir='ltr'><strong>vocatur,</strong></span> <span class='ocrx_word' id='word_1_407' title='bbox 786 4367 959 4432; x_wconf 87' lang='lat' dir='ltr'><strong>quaecum</strong></span> <span class='ocrx_word' id='word_1_408' title='bbox 983 4352 1119 4415; x_wconf 89' lang='lat' dir='ltr'><strong>ostendit</strong></span> <span class='ocrx_word' id='word_1_409' title='bbox 1140 4352 1295 4425; x_wconf 88' lang='lat' dir='ltr'><strong>breviter,</strong></span> <span class='ocrx_word' id='word_1_410' title='bbox 1319 4352 1395 4438; x_wconf 94' lang='lat' dir='ltr'><strong>quid</strong></span> <span class='ocrx_word' id='word_1_411' title='bbox 1418 4354 1535 4417; x_wconf 91' lang='lat' dir='ltr'><strong>dictum</strong></span> 
     </span>
    </p>
   </div>
   <div class='ocr_carea' id='block_1_3' title="bbox 211 4595 1536 4948">
    <p class='ocr_par' dir='ltr' id='par_1_3' title="bbox 211 4595 1536 4948">
     <span class='ocr_line' id='line_1_45' title="bbox 284 4595 1536 4659; baseline -0.002 -7"><span class='ocrx_word' id='word_1_412' title='bbox 284 4602 326 4652; x_wconf 80' lang='lat' dir='ltr'><strong>ta.</strong></span> <span class='ocrx_word' id='word_1_413' title='bbox 346 4600 380 4651; x_wconf 75' lang='lat' dir='ltr'><strong>At</strong></span> <span class='ocrx_word' id='word_1_414' title='bbox 399 4613 441 4649; x_wconf 82' lang='lat' dir='ltr'><strong>eor</strong></span> <span class='ocrx_word' id='word_1_415' title='bbox 459 4596 568 4648; x_wconf 81' lang='lat' dir='ltr'><strong>uidebar</strong></span> <span class='ocrx_word' id='word_1_416' title='bbox 586 4610 616 4647; x_wconf 82' lang='lat' dir='ltr'><strong>eo</strong></span> <span class='ocrx_word' id='word_1_417' title='bbox 635 4597 764 4657; x_wconf 78' lang='lat' dir='ltr'><strong>accepisse</strong></span> <span class='ocrx_word' id='word_1_418' title='bbox 783 4596 952 4655; x_wconf 81' lang='lat' dir='ltr'><strong>condicione,</strong></span> <span class='ocrx_word' id='word_1_419' title='bbox 973 4603 1003 4646; x_wconf 89' lang='lat' dir='ltr'><strong>ut</strong></span> <span class='ocrx_word' id='word_1_420' title='bbox 1022 4611 1076 4658; x_wconf 80' lang='lat' dir='ltr'><strong>eos,</strong></span> <span class='ocrx_word' id='word_1_421' title='bbox 1097 4598 1186 4659; x_wconf 84' lang='lat' dir='ltr'><strong>quood</strong></span> <span class='ocrx_word' id='word_1_422' title='bbox 1198 4595 1349 4647; x_wconf 70' lang='lat' dir='ltr'><strong>rubras:</strong></span> <span class='ocrx_word' id='word_1_423' title='bbox 1369 4599 1404 4648; x_wconf 80' lang='lat' dir='ltr'><strong>At</strong></span> <span class='ocrx_word' id='word_1_424' title='bbox 1417 4611 1449 4648; x_wconf 78' lang='lat' dir='ltr'><strong>eu</strong></span> <span class='ocrx_word' id='word_1_425' title='bbox 1466 4599 1536 4649; x_wconf 80' lang='lat' dir='ltr'><strong>oide-</strong></span> 
     </span>
     <span class='ocr_line' id='line_1_46' title="bbox 211 4668 1536 4733; baseline -0.001 -11"><span class='ocrx_word' id='word_1_426' title='bbox 211 4671 262 4722; x_wconf 85' lang='lat' dir='ltr'><strong>bor</strong></span> <span class='ocrx_word' id='word_1_427' title='bbox 281 4686 322 4722; x_wconf 76' lang='lat' dir='ltr'><strong>eos</strong></span> <span class='ocrx_word' id='word_1_428' title='bbox 341 4675 471 4733; x_wconf 78' lang='lat' dir='ltr'><strong>occepisse</strong></span> <span class='ocrx_word' id='word_1_429' title='bbox 488 4670 654 4724; x_wconf 78' lang='lat' dir='ltr'><strong>condicione,</strong></span> <span class='ocrx_word' id='word_1_430' title='bbox 684 4672 727 4727; x_wconf 82' lang='lat' dir='ltr'><strong>ut,</strong></span> <span class='ocrx_word' id='word_1_431' title='bbox 756 4669 843 4731; x_wconf 83' lang='lat' dir='ltr'><strong>quood</strong></span> <span class='ocrx_word' id='word_1_432' title='bbox 864 4668 892 4715; x_wconf 82' lang='lat' dir='ltr'><strong>E.</strong></span> <span class='ocrx_word' id='word_1_433' title='bbox 930 4670 1049 4720; x_wconf 76' lang='lat' dir='ltr'><strong>atterum</strong></span> <span class='ocrx_word' id='word_1_434' title='bbox 1069 4681 1112 4716; x_wconf 76' lang='lat' dir='ltr'><strong>eos</strong></span> <span class='ocrx_word' id='word_1_435' title='bbox 1131 4669 1294 4718; x_wconf 84' lang='lat' dir='ltr'><strong>seclusimus.</strong></span> <span class='ocrx_word' id='word_1_436' title='bbox 1318 4692 1346 4704; x_wconf 95' lang='lat'>-</span> <span class='ocrx_word' id='word_1_437' title='bbox 1373 4669 1416 4719; x_wconf 86' lang='lat' dir='ltr'><strong>ld.</strong></span> <span class='ocrx_word' id='word_1_438' title='bbox 1434 4670 1536 4733; x_wconf 72' lang='lat' dir='ltr'><strong>fumun·</strong></span> 
     </span>
     <span class='ocr_line' id='line_1_47' title="bbox 213 4736 1534 4805; baseline 0.001 -15"><span class='ocrx_word' id='word_1_439' title='bbox 213 4743 275 4790; x_wconf 83' lang='lat' dir='ltr'><strong>dum</strong></span> <span class='ocrx_word' id='word_1_440' title='bbox 293 4744 372 4800; x_wconf 63' lang='grc' dir='ltr'><strong>ΡΗ,</strong></span> <span class='ocrx_word' id='word_1_441' title='bbox 393 4742 422 4792; x_wconf 79' lang='lat' dir='ltr'><strong>l..</strong></span> <span class='ocrx_word' id='word_1_442' title='bbox 454 4765 485 4775; x_wconf 92' lang='lat'>-</span> <span class='ocrx_word' id='word_1_443' title='bbox 518 4741 560 4791; x_wconf 81' lang='lat' dir='ltr'><strong>ta.</strong></span> <span class='ocrx_word' id='word_1_444' title='bbox 581 4751 713 4789; x_wconf 78' lang='lat' dir='ltr'><strong>ascensum</strong></span> <span class='ocrx_word' id='word_1_445' title='bbox 733 4738 770 4796; x_wconf 84' lang='lat' dir='ltr'><strong>B,</strong></span> <span class='ocrx_word' id='word_1_446' title='bbox 790 4737 820 4786; x_wconf 82' lang='lat' dir='ltr'><strong>L.</strong></span> <span class='ocrx_word' id='word_1_447' title='bbox 847 4738 909 4787; x_wconf 86' lang='lat' dir='ltr'><strong>Sch.</strong></span> <span class='ocrx_word' id='word_1_448' title='bbox 939 4765 967 4777; x_wconf 88' lang='lat'><em>-</em></span> <span class='ocrx_word' id='word_1_449' title='bbox 997 4739 1040 4788; x_wconf 83' lang='grc'><strong>38.</strong></span> <span class='ocrx_word' id='word_1_450' title='bbox 1063 4736 1191 4801; x_wconf 83' lang='lat' dir='ltr'><strong>tuborum]</strong></span> <span class='ocrx_word' id='word_1_451' title='bbox 1219 4738 1338 4787; x_wconf 83' lang='lat' dir='ltr'><strong>dotorum</strong></span> <span class='ocrx_word' id='word_1_452' title='bbox 1364 4739 1409 4789; x_wconf 83' lang='lat' dir='ltr'><strong>bn</strong></span> <span class='ocrx_word' id='word_1_453' title='bbox 1437 4743 1534 4805; x_wconf 83' lang='lat' dir='ltr'><strong>alitque</strong></span> 
     </span>
     <span class='ocr_line' id='line_1_48' title="bbox 213 4809 1535 4877; baseline 0.001 -16"><span class='ocrx_word' id='word_1_454' title='bbox 213 4813 287 4877; x_wconf 89' lang='lat' dir='ltr'><strong>prob.</strong></span> <span class='ocrx_word' id='word_1_455' title='bbox 309 4813 380 4863; x_wconf 88' lang='lat' dir='ltr'><strong>Ond.</strong></span> <span class='ocrx_word' id='word_1_456' title='bbox 414 4838 442 4850; x_wconf 96' lang='lat'>-</span> <span class='ocrx_word' id='word_1_457' title='bbox 472 4809 908 4868; x_wconf 52' lang='lat' dir='ltr'><strong>tabennensiumque:</strong></span> <span class='ocrx_word' id='word_1_458' title='bbox 934 4810 1048 4873; x_wconf 69' lang='lat' dir='ltr'><strong>explieat</strong></span> <span class='ocrx_word' id='word_1_459' title='bbox 1066 4811 1177 4862; x_wconf 80' lang='lat' dir='ltr'><strong>breviter</strong></span> <span class='ocrx_word' id='word_1_460' title='bbox 1195 4809 1215 4859; x_wconf 82' lang='lat' dir='ltr'><strong>ll</strong></span> <span class='ocrx_word' id='word_1_461' title='bbox 1234 4816 1259 4858; x_wconf 87' lang='lat' dir='ltr'><strong>et</strong></span> <span class='ocrx_word' id='word_1_462' title='bbox 1277 4820 1345 4858; x_wconf 83' lang='lat' dir='ltr'><strong>corr·</strong></span> <span class='ocrx_word' id='word_1_463' title='bbox 1363 4811 1402 4871; x_wconf 83' lang='grc' dir='ltr'><strong>Α,</strong></span> <span class='ocrx_word' id='word_1_464' title='bbox 1422 4811 1535 4864; x_wconf 75' lang='lat' dir='ltr'><strong>brevitor</strong></span> 
     </span>
     <span class='ocr_line' id='line_1_49' title="bbox 213 4879 1022 4948; baseline -0.005 -12"><span class='ocrx_word' id='word_1_465' title='bbox 213 4882 330 4948; x_wconf 74' lang='lat' dir='ltr'><strong>explicat</strong></span> <span class='ocrx_word' id='word_1_466' title='bbox 353 4885 385 4936; x_wconf 82' lang='lat' dir='ltr'><strong>ll.</strong></span> <span class='ocrx_word' id='word_1_467' title='bbox 408 4909 437 4923; x_wconf 94' lang='lat'>-</span> <span class='ocrx_word' id='word_1_468' title='bbox 457 4882 504 4934; x_wconf 71' lang='grc'><strong>42.</strong></span> <span class='ocrx_word' id='word_1_469' title='bbox 524 4880 647 4944; x_wconf 76' lang='lat' dir='ltr'><strong>lucidius]</strong></span> <span class='ocrx_word' id='word_1_470' title='bbox 664 4880 766 4932; x_wconf 69' lang='lat' dir='ltr'><strong>murm</strong></span> <span class='ocrx_word' id='word_1_471' title='bbox 783 4879 895 4930; x_wconf 84' lang='lat' dir='ltr'>PBFRT</span> <span class='ocrx_word' id='word_1_472' title='bbox 914 4882 1022 4945; x_wconf 80' lang='lat' dir='ltr'><strong>altique.</strong></span> 
     </span>
    </p>
   </div>
   <div class='ocr_carea' id='block_1_4' title="bbox 0 0 1620 5392">
    <p class='ocr_par' dir='ltr' id='par_1_4' title="bbox 0 0 1620 5392">
     <span class='ocr_line' id='line_1_50' title="bbox 0 0 1620 5392; baseline 0 2"><span class='ocrx_word' id='word_1_473' title='bbox 0 0 1620 5392; x_wconf 95' lang='lat' dir='ltr'><strong> </strong></span> 
     </span>
    </p>
   </div>
  </div>
 </body>
</html>
