<?xml version="1.0" encoding="UTF-8"?>
<!DOCTYPE html PUBLIC "-//W3C//DTD XHTML 1.0 Transitional//EN"
    "http://www.w3.org/TR/xhtml1/DTD/xhtml1-transitional.dtd">
<html xmlns="http://www.w3.org/1999/xhtml" xml:lang="en" lang="en">
 <head>
  <title>
</title>
<meta http-equiv="Content-Type" content="text/html;charset=utf-8" />
  <meta name='ocr-system' content='tesseract 3.04.00' />
  <meta name='ocr-capabilities' content='ocr_page ocr_carea ocr_par ocr_line ocrx_word'/>
</head>
<body>
  <div class='ocr_page' id='page_1' title='image "./operaquaesupers04halmgoog/operaquaesupers04halmgoog_0399.png"; bbox 0 0 3232 5392; ppageno 0'>
   <div class='ocr_carea' id='block_1_1' title="bbox 166 208 899 291">
    <p class='ocr_par' dir='ltr' id='par_1_1' title="bbox 166 208 899 291">
     <span class='ocr_line' id='line_1_1' title="bbox 166 208 899 291; baseline 0 -1"><span class='ocrx_word' id='word_1_1' title='bbox 166 208 229 291; x_wconf 75' lang='lat' dir='ltr'>&#39;est‘</span> <span class='ocrx_word' id='word_1_2' title='bbox 747 222 899 290; x_wconf 81' lang='lat' dir='ltr'>saurus</span> 
     </span>
    </p>
   </div>
   <div class='ocr_carea' id='block_1_2' title="bbox 122 376 1492 4262">
    <p class='ocr_par' dir='ltr' id='par_1_2' title="bbox 122 376 1492 4262">
     <span class='ocr_line' id='line_1_2' title="bbox 166 376 1492 471; baseline -0.002 -18"><span class='ocrx_word' id='word_1_3' title='bbox 166 387 211 452; x_wconf 89' lang='lat' dir='ltr'>sic</span> <span class='ocrx_word' id='word_1_4' title='bbox 231 384 303 461; x_wconf 90' lang='lat' dir='ltr'>ille,</span> <span class='ocrx_word' id='word_1_5' title='bbox 338 403 410 449; x_wconf 91' lang='lat' dir='ltr'>cum</span> <span class='ocrx_word' id='word_1_6' title='bbox 438 380 523 447; x_wconf 92' lang='lat' dir='ltr'>omni</span> <span class='ocrx_word' id='word_1_7' title='bbox 546 377 608 444; x_wconf 89' lang='lat' dir='ltr'>iam</span> <span class='ocrx_word' id='word_1_8' title='bbox 629 376 755 446; x_wconf 89' lang='lat' dir='ltr'>fortuna</span> <span class='ocrx_word' id='word_1_9' title='bbox 776 402 928 470; x_wconf 80' lang='lat' dir='ltr'><strong>prospere</strong></span> <span class='ocrx_word' id='word_1_10' title='bbox 949 384 1074 450; x_wconf 87' lang='lat' dir='ltr'>functus</span> <span class='ocrx_word' id='word_1_11' title='bbox 1095 380 1220 450; x_wconf 87' lang='lat' dir='ltr'>labores</span> <span class='ocrx_word' id='word_1_12' title='bbox 1241 385 1336 450; x_wconf 90' lang='lat' dir='ltr'>etiam</span> <span class='ocrx_word' id='word_1_13' title='bbox 1357 404 1492 471; x_wconf 78' lang='lat' dir='ltr'>magnos</span> 
     </span>
     <span class='ocr_line' id='line_1_3' title="bbox 166 472 1380 565; baseline -0.002 -18"><span class='ocrx_word' id='word_1_14' title='bbox 166 480 358 565; x_wconf 80' lang='lat' dir='ltr'>excepisset,</span> <span class='ocrx_word' id='word_1_15' title='bbox 386 476 468 543; x_wconf 89' lang='lat' dir='ltr'>illius</span> <span class='ocrx_word' id='word_1_16' title='bbox 489 472 642 539; x_wconf 92' lang='lat' dir='ltr'>iudicialis</span> <span class='ocrx_word' id='word_1_17' title='bbox 664 475 735 538; x_wconf 90' lang='lat' dir='ltr'>anni</span> <span class='ocrx_word' id='word_1_18' title='bbox 758 480 956 544; x_wconf 89' lang='lat' dir='ltr'>severitatem</span> <span class='ocrx_word' id='word_1_19' title='bbox 979 477 1068 565; x_wconf 87' lang='lat' dir='ltr'>quasi</span> <span class='ocrx_word' id='word_1_20' title='bbox 1089 478 1188 544; x_wconf 90' lang='lat' dir='ltr'>solem</span> <span class='ocrx_word' id='word_1_21' title='bbox 1210 499 1274 543; x_wconf 91' lang='lat' dir='ltr'>non</span> <span class='ocrx_word' id='word_1_22' title='bbox 1296 478 1380 544; x_wconf 91' lang='lat' dir='ltr'>tulit.</span> 
     </span>
     <span class='ocr_line' id='line_1_4' title="bbox 249 567 1492 659; baseline 0.002 -22"><span class='ocrx_word' id='word_1_23' title='bbox 249 579 324 641; x_wconf 78' lang='grc'><strong>211.</strong></span> <span class='ocrx_word' id='word_1_24' title='bbox 358 576 438 637; x_wconf 86' lang='lat' dir='ltr'>Tum</span> <span class='ocrx_word' id='word_1_25' title='bbox 458 569 593 643; x_wconf 76' lang='lat' dir='ltr'>Atticus,</span> <span class='ocrx_word' id='word_1_26' title='bbox 616 571 663 634; x_wconf 89' lang='lat' dir='ltr'>Tu</span> <span class='ocrx_word' id='word_1_27' title='bbox 686 567 813 653; x_wconf 93' lang='lat' dir='ltr'>quidem</span> <span class='ocrx_word' id='word_1_28' title='bbox 835 574 874 636; x_wconf 93' lang='lat' dir='ltr'>de</span> <span class='ocrx_word' id='word_1_29' title='bbox 897 572 1001 648; x_wconf 90' lang='lat' dir='ltr'>faece,</span> <span class='ocrx_word' id='word_1_30' title='bbox 1025 572 1143 659; x_wconf 88' lang='lat' dir='ltr'>inquit,</span> <span class='ocrx_word' id='word_1_31' title='bbox 1167 573 1273 637; x_wconf 89' lang='lat' dir='ltr'>hauris</span> <span class='ocrx_word' id='word_1_32' title='bbox 1295 571 1391 658; x_wconf 90' lang='lat' dir='ltr'>idque</span> <span class='ocrx_word' id='word_1_33' title='bbox 1413 572 1492 639; x_wconf 92' lang='lat' dir='ltr'>iam-</span> 
     </span>
     <span class='ocr_line' id='line_1_5' title="bbox 166 662 1489 753; baseline -0.003 -16"><span class='ocrx_word' id='word_1_34' title='bbox 166 673 302 746; x_wconf 88' lang='lat' dir='ltr'>dudum;</span> <span class='ocrx_word' id='word_1_35' title='bbox 331 669 386 732; x_wconf 88' lang='lat' dir='ltr'>ssd</span> <span class='ocrx_word' id='word_1_36' title='bbox 408 662 565 730; x_wconf 78' lang='lat' dir='ltr'>tacebam:</span> <span class='ocrx_word' id='word_1_37' title='bbox 598 665 660 728; x_wconf 90' lang='lat' dir='ltr'>hoc</span> <span class='ocrx_word' id='word_1_38' title='bbox 680 683 758 729; x_wconf 78' lang='lat' dir='ltr'>vero</span> <span class='ocrx_word' id='word_1_39' title='bbox 779 684 842 730; x_wconf 91' lang='lat' dir='ltr'>non</span> <span class='ocrx_word' id='word_1_40' title='bbox 864 665 1029 752; x_wconf 90' lang='lat' dir='ltr'>putabam,</span> <span class='ocrx_word' id='word_1_41' title='bbox 1052 675 1083 731; x_wconf 93' lang='lat' dir='ltr'>te</span> <span class='ocrx_word' id='word_1_42' title='bbox 1104 687 1206 753; x_wconf 91' lang='lat' dir='ltr'>usque</span> <span class='ocrx_word' id='word_1_43' title='bbox 1227 668 1266 732; x_wconf 94' lang='lat' dir='ltr'>ad</span> <span class='ocrx_word' id='word_1_44' title='bbox 1290 669 1434 733; x_wconf 75' lang='lat' dir='ltr'>Staienos</span> <span class='ocrx_word' id='word_1_45' title='bbox 1458 676 1489 734; x_wconf 90' lang='lat' dir='ltr'>et</span> 
     </span>
     <span class='ocr_line' id='line_1_6' title="bbox 143 759 1491 847; baseline 0 -20"><span class='ocrx_word' id='word_1_46' title='bbox 143 765 336 831; x_wconf 76' lang='lat' dir='ltr'>chotronios</span> <span class='ocrx_word' id='word_1_47' title='bbox 358 781 426 826; x_wconf 91' lang='lat' dir='ltr'>esse</span> <span class='ocrx_word' id='word_1_48' title='bbox 448 765 624 825; x_wconf 86' lang='lat' dir='ltr'>venturum.</span> <span class='ocrx_word' id='word_1_49' title='bbox 667 759 737 821; x_wconf 89' lang='lat' dir='ltr'>Non</span> <span class='ocrx_word' id='word_1_50' title='bbox 758 768 853 845; x_wconf 94' lang='lat' dir='ltr'>puto,</span> <span class='ocrx_word' id='word_1_51' title='bbox 886 761 1028 847; x_wconf 90' lang='lat' dir='ltr'>inquam,</span> <span class='ocrx_word' id='word_1_52' title='bbox 1061 760 1242 826; x_wconf 83' lang='lat' dir='ltr'>existimare</span> <span class='ocrx_word' id='word_1_53' title='bbox 1265 770 1295 826; x_wconf 93' lang='lat' dir='ltr'>te</span> <span class='ocrx_word' id='word_1_54' title='bbox 1318 759 1491 827; x_wconf 81' lang='lat' dir='ltr'>ambitione</span> 
     </span>
     <span class='ocr_line' id='line_1_7' title="bbox 165 851 1489 943; baseline -0.005 -16"><span class='ocrx_word' id='word_1_55' title='bbox 165 881 216 926; x_wconf 93' lang='lat' dir='ltr'>me</span> <span class='ocrx_word' id='word_1_56' title='bbox 238 857 317 934; x_wconf 90' lang='lat' dir='ltr'>labi,</span> <span class='ocrx_word' id='word_1_57' title='bbox 341 857 458 941; x_wconf 89' lang='lat' dir='ltr'>quippe</span> <span class='ocrx_word' id='word_1_58' title='bbox 481 855 520 918; x_wconf 92' lang='lat' dir='ltr'>dc</span> <span class='ocrx_word' id='word_1_59' title='bbox 542 851 693 931; x_wconf 88' lang='lat' dir='ltr'>mortuis;</span> <span class='ocrx_word' id='word_1_60' title='bbox 721 852 776 919; x_wconf 92' lang='lat' dir='ltr'>sed</span> <span class='ocrx_word' id='word_1_61' title='bbox 800 853 942 920; x_wconf 86' lang='lat' dir='ltr'>ordinem</span> <span class='ocrx_word' id='word_1_62' title='bbox 964 876 1100 943; x_wconf 88' lang='lat' dir='ltr'>sequens</span> <span class='ocrx_word' id='word_1_63' title='bbox 1121 855 1154 921; x_wconf 89' lang='lat' dir='ltr'>in</span> <span class='ocrx_word' id='word_1_64' title='bbox 1177 855 1360 921; x_wconf 80' lang='lat' dir='ltr'>memoriam</span> <span class='ocrx_word' id='word_1_65' title='bbox 1382 864 1489 922; x_wconf 90' lang='lat' dir='ltr'>notam</span> 
     </span>
     <span class='ocr_line' id='line_1_8' title="bbox 164 947 1488 1039; baseline -0.003 -19"><span class='ocrx_word' id='word_1_66' title='bbox 164 963 197 1021; x_wconf 91' lang='lat' dir='ltr'>et</span> <span class='ocrx_word' id='word_1_67' title='bbox 224 953 387 1039; x_wconf 91' lang='lat' dir='ltr'>aequalem</span> <span class='ocrx_word' id='word_1_68' title='bbox 420 947 599 1014; x_wconf 88' lang='lat' dir='ltr'>necessario</span> <span class='ocrx_word' id='word_1_69' title='bbox 627 949 764 1013; x_wconf 90' lang='lat' dir='ltr'>incurro.</span> <span class='ocrx_word' id='word_1_70' title='bbox 808 947 888 1015; x_wconf 86' lang='lat' dir='ltr'>Volo</span> <span class='ocrx_word' id='word_1_71' title='bbox 922 959 1026 1015; x_wconf 91' lang='lat' dir='ltr'>autem</span> <span class='ocrx_word' id='word_1_72' title='bbox 1058 948 1119 1014; x_wconf 94' lang='lat' dir='ltr'>hoc</span> <span class='ocrx_word' id='word_1_73' title='bbox 1151 949 1302 1036; x_wconf 86' lang='lat' dir='ltr'>perspici,</span> <span class='ocrx_word' id='word_1_74' title='bbox 1340 949 1488 1016; x_wconf 90' lang='lat' dir='ltr'>omnibus</span> 
     </span>
     <span class='ocr_line' id='line_1_9' title="bbox 164 1040 1489 1135; baseline -0.003 -21"><span class='ocrx_word' id='word_1_75' title='bbox 164 1048 364 1135; x_wconf 85' lang='lat' dir='ltr'>conquisitis,</span> <span class='ocrx_word' id='word_1_76' title='bbox 388 1046 441 1130; x_wconf 92' lang='lat' dir='ltr'>qui</span> <span class='ocrx_word' id='word_1_77' title='bbox 463 1042 496 1108; x_wconf 89' lang='lat' dir='ltr'>in</span> <span class='ocrx_word' id='word_1_78' title='bbox 516 1041 715 1108; x_wconf 91' lang='lat' dir='ltr'>multitudine</span> <span class='ocrx_word' id='word_1_79' title='bbox 737 1040 843 1108; x_wconf 89' lang='lat' dir='ltr'>dicere</span> <span class='ocrx_word' id='word_1_80' title='bbox 866 1044 933 1109; x_wconf 90' lang='lat' dir='ltr'>ausi</span> <span class='ocrx_word' id='word_1_81' title='bbox 954 1044 1032 1119; x_wconf 91' lang='lat' dir='ltr'>sint,</span> <span class='ocrx_word' id='word_1_82' title='bbox 1054 1045 1209 1111; x_wconf 91' lang='lat' dir='ltr'>memoria</span> <span class='ocrx_word' id='word_1_83' title='bbox 1230 1043 1357 1131; x_wconf 91' lang='lat' dir='ltr'>quidem</span> <span class='ocrx_word' id='word_1_84' title='bbox 1377 1046 1489 1128; x_wconf 74' lang='lat' dir='ltr'>dignos</span> 
     </span>
     <span class='ocr_line' id='line_1_10' title="bbox 163 1134 1487 1230; baseline -0.005 -23"><span class='ocrx_word' id='word_1_85' title='bbox 163 1159 355 1230; x_wconf 89' lang='lat' dir='ltr'>perpaucos,</span> <span class='ocrx_word' id='word_1_86' title='bbox 385 1158 496 1203; x_wconf 86' lang='lat' dir='ltr'>verum</span> <span class='ocrx_word' id='word_1_87' title='bbox 518 1136 573 1223; x_wconf 93' lang='lat' dir='ltr'>qui</span> <span class='ocrx_word' id='word_1_88' title='bbox 595 1134 723 1202; x_wconf 90' lang='lat' dir='ltr'>omnino</span> <span class='ocrx_word' id='word_1_89' title='bbox 745 1159 862 1202; x_wconf 90' lang='lat' dir='ltr'>nomen</span> <span class='ocrx_word' id='word_1_90' title='bbox 884 1140 1071 1215; x_wconf 78' lang='lat' dir='ltr'>habuerint,</span> <span class='ocrx_word' id='word_1_91' title='bbox 1091 1158 1156 1204; x_wconf 90' lang='lat' dir='ltr'>nou</span> <span class='ocrx_word' id='word_1_92' title='bbox 1176 1141 1220 1204; x_wconf 91' lang='lat' dir='ltr'>ita</span> <span class='ocrx_word' id='word_1_93' title='bbox 1242 1141 1357 1205; x_wconf 89' lang='lat' dir='ltr'>multos</span> <span class='ocrx_word' id='word_1_94' title='bbox 1378 1135 1487 1203; x_wconf 89' lang='lat' dir='ltr'>fuisse.</span> 
     </span>
     <span class='ocr_line' id='line_1_11' title="bbox 127 1229 1488 1320; baseline -0.001 -23"><span class='ocrx_word' id='word_1_95' title='bbox 127 1255 154 1297; x_wconf 86' lang='lat' dir='ltr'>ao</span> <span class='ocrx_word' id='word_1_96' title='bbox 164 1235 227 1302; x_wconf 89' lang='lat' dir='ltr'>Sed</span> <span class='ocrx_word' id='word_1_97' title='bbox 249 1232 289 1299; x_wconf 89' lang='lat' dir='ltr'>ad</span> <span class='ocrx_word' id='word_1_98' title='bbox 311 1252 487 1298; x_wconf 91' lang='lat' dir='ltr'>sermonem</span> <span class='ocrx_word' id='word_1_99' title='bbox 509 1229 682 1317; x_wconf 89' lang='lat' dir='ltr'>institutum</span> <span class='ocrx_word' id='word_1_100' title='bbox 703 1239 915 1299; x_wconf 78' lang='lat' dir='ltr'>revertamur:</span> <span class='ocrx_word' id='word_1_101' title='bbox 952 1234 1048 1297; x_wconf 86' lang='lat' dir='ltr'><strong>LXX.</strong></span> <span class='ocrx_word' id='word_1_102' title='bbox 1070 1236 1142 1299; x_wconf 68' lang='grc'><strong>245.</strong></span> <span class='ocrx_word' id='word_1_103' title='bbox 1176 1236 1212 1302; x_wconf 92' lang='grc' dir='ltr'>Τ.</span> <span class='ocrx_word' id='word_1_104' title='bbox 1227 1236 1420 1320; x_wconf 85' lang='lat' dir='ltr'>Torquatus,</span> <span class='ocrx_word' id='word_1_105' title='bbox 1452 1235 1488 1296; x_wconf 88' lang='grc' dir='ltr'>Τ.</span> 
     </span>
     <span class='ocr_line' id='line_1_12' title="bbox 162 1323 1489 1411; baseline -0.006 -14"><span class='ocrx_word' id='word_1_106' title='bbox 162 1334 216 1405; x_wconf 65' lang='lat' dir='ltr'>F„</span> <span class='ocrx_word' id='word_1_107' title='bbox 240 1338 272 1395; x_wconf 93' lang='lat' dir='ltr'>et</span> <span class='ocrx_word' id='word_1_108' title='bbox 293 1329 402 1392; x_wconf 90' lang='lat' dir='ltr'>doctus</span> <span class='ocrx_word' id='word_1_109' title='bbox 422 1325 472 1390; x_wconf 80' lang='lat' dir='ltr'>vir</span> <span class='ocrx_word' id='word_1_110' title='bbox 493 1345 534 1390; x_wconf 86' lang='lat' dir='ltr'>ex</span> <span class='ocrx_word' id='word_1_111' title='bbox 555 1326 677 1390; x_wconf 84' lang='lat' dir='ltr'>Rhodia</span> <span class='ocrx_word' id='word_1_112' title='bbox 698 1323 861 1411; x_wconf 82' lang='lat' dir='ltr'>disciplina</span> <span class='ocrx_word' id='word_1_113' title='bbox 883 1324 1016 1392; x_wconf 92' lang='lat' dir='ltr'>Molonis</span> <span class='ocrx_word' id='word_1_114' title='bbox 1038 1334 1070 1390; x_wconf 90' lang='lat' dir='ltr'>et</span> <span class='ocrx_word' id='word_1_115' title='bbox 1091 1333 1235 1392; x_wconf 86' lang='lat' dir='ltr'>anatura</span> <span class='ocrx_word' id='word_1_116' title='bbox 1257 1329 1296 1391; x_wconf 92' lang='lat' dir='ltr'>ad</span> <span class='ocrx_word' id='word_1_117' title='bbox 1318 1325 1489 1391; x_wconf 87' lang='lat' dir='ltr'>dicendum</span> 
     </span>
     <span class='ocr_line' id='line_1_13' title="bbox 162 1417 1487 1506; baseline -0.006 -16"><span class='ocrx_word' id='word_1_118' title='bbox 162 1427 237 1490; x_wconf 90' lang='lat' dir='ltr'>satis</span> <span class='ocrx_word' id='word_1_119' title='bbox 252 1422 372 1489; x_wconf 90' lang='lat' dir='ltr'>solutus</span> <span class='ocrx_word' id='word_1_120' title='bbox 386 1427 481 1504; x_wconf 84' lang='lat' dir='ltr'>atquc</span> <span class='ocrx_word' id='word_1_121' title='bbox 496 1417 716 1505; x_wconf 85' lang='lat' dir='ltr'>expeditus-</span> <span class='ocrx_word' id='word_1_122' title='bbox 732 1422 782 1484; x_wconf 93' lang='lat' dir='ltr'>cui</span> <span class='ocrx_word' id='word_1_123' title='bbox 797 1421 823 1484; x_wconf 90' lang='lat' dir='ltr'>si</span> <span class='ocrx_word' id='word_1_124' title='bbox 837 1421 903 1483; x_wconf 85' lang='lat' dir='ltr'>vita</span> <span class='ocrx_word' id='word_1_125' title='bbox 918 1419 1197 1506; x_wconf 79' lang='lat' dir='ltr'>suppeditavisset,</span> <span class='ocrx_word' id='word_1_126' title='bbox 1216 1421 1338 1487; x_wconf 89' lang='lat' dir='ltr'>sublato</span> <span class='ocrx_word' id='word_1_127' title='bbox 1355 1422 1487 1496; x_wconf 84' lang='lat' dir='ltr'>ambitu,</span> 
     </span>
     <span class='ocr_line' id='line_1_14' title="bbox 162 1511 1488 1601; baseline -0.005 -16"><span class='ocrx_word' id='word_1_128' title='bbox 162 1521 273 1585; x_wconf 87' lang='lat' dir='ltr'>consul</span> <span class='ocrx_word' id='word_1_129' title='bbox 287 1516 387 1582; x_wconf 88' lang='lat' dir='ltr'>factus</span> <span class='ocrx_word' id='word_1_130' title='bbox 400 1521 484 1580; x_wconf 90' lang='lat' dir='ltr'>esset</span> <span class='ocrx_word' id='word_1_131' title='bbox 496 1549 555 1590; x_wconf 91' lang='lat'>-,</span> <span class='ocrx_word' id='word_1_132' title='bbox 579 1513 648 1601; x_wconf 89' lang='lat' dir='ltr'>plus</span> <span class='ocrx_word' id='word_1_133' title='bbox 663 1511 817 1579; x_wconf 82' lang='lat' dir='ltr'>facultatis</span> <span class='ocrx_word' id='word_1_134' title='bbox 832 1511 942 1578; x_wconf 92' lang='lat' dir='ltr'>habuit</span> <span class='ocrx_word' id='word_1_135' title='bbox 955 1517 995 1579; x_wconf 89' lang='lat' dir='ltr'>ad</span> <span class='ocrx_word' id='word_1_136' title='bbox 1011 1514 1177 1581; x_wconf 87' lang='lat' dir='ltr'>dicendum</span> <span class='ocrx_word' id='word_1_137' title='bbox 1192 1535 1286 1600; x_wconf 91' lang='lat' dir='ltr'>quam</span> <span class='ocrx_word' id='word_1_138' title='bbox 1301 1515 1488 1582; x_wconf 82' lang='lat' dir='ltr'>voluntatis.</span> 
     </span>
     <span class='ocr_line' id='line_1_15' title="bbox 162 1605 1491 1701; baseline -0.006 -21"><span class='ocrx_word' id='word_1_139' title='bbox 162 1617 271 1701; x_wconf 91' lang='lat' dir='ltr'>ltaque</span> <span class='ocrx_word' id='word_1_140' title='bbox 294 1611 396 1677; x_wconf 93' lang='lat' dir='ltr'>studio</span> <span class='ocrx_word' id='word_1_141' title='bbox 418 1608 491 1674; x_wconf 89' lang='lat' dir='ltr'>huic</span> <span class='ocrx_word' id='word_1_142' title='bbox 511 1629 575 1674; x_wconf 88' lang='lat' dir='ltr'>non</span> <span class='ocrx_word' id='word_1_143' title='bbox 597 1605 764 1673; x_wconf 84' lang='lat' dir='ltr'>satisfecit:</span> <span class='ocrx_word' id='word_1_144' title='bbox 790 1605 895 1672; x_wconf 86' lang='lat' dir='ltr'>officio</span> <span class='ocrx_word' id='word_1_145' title='bbox 916 1629 994 1674; x_wconf 86' lang='lat' dir='ltr'>vero</span> <span class='ocrx_word' id='word_1_146' title='bbox 1015 1631 1073 1675; x_wconf 91' lang='lat' dir='ltr'>nec</span> <span class='ocrx_word' id='word_1_147' title='bbox 1094 1609 1126 1674; x_wconf 91' lang='lat' dir='ltr'>io</span> <span class='ocrx_word' id='word_1_148' title='bbox 1149 1623 1279 1675; x_wconf 90' lang='lat' dir='ltr'>suorum</span> <span class='ocrx_word' id='word_1_149' title='bbox 1292 1611 1491 1675; x_wconf 88' lang='lat' dir='ltr'>necessario-</span> 
     </span>
     <span class='ocr_line' id='line_1_16' title="bbox 123 1699 1488 1779; baseline -0.005 -4"><span class='ocrx_word' id='word_1_150' title='bbox 123 1725 152 1767; x_wconf 74' lang='lat'>1⁶</span> <span class='ocrx_word' id='word_1_151' title='bbox 163 1731 233 1775; x_wconf 90' lang='lat' dir='ltr'>rum</span> <span class='ocrx_word' id='word_1_152' title='bbox 255 1704 357 1773; x_wconf 86' lang='lat' dir='ltr'>causis</span> <span class='ocrx_word' id='word_1_153' title='bbox 377 1724 436 1769; x_wconf 89' lang='lat' dir='ltr'>nec</span> <span class='ocrx_word' id='word_1_154' title='bbox 457 1704 490 1767; x_wconf 91' lang='lat' dir='ltr'>in</span> <span class='ocrx_word' id='word_1_155' title='bbox 512 1705 666 1767; x_wconf 89' lang='lat' dir='ltr'>sententia</span> <span class='ocrx_word' id='word_1_156' title='bbox 688 1704 846 1768; x_wconf 87' lang='lat' dir='ltr'>senatoria</span> <span class='ocrx_word' id='word_1_157' title='bbox 867 1699 977 1769; x_wconf 86' lang='lat' dir='ltr'>defuit.</span> <span class='ocrx_word' id='word_1_158' title='bbox 1020 1707 1094 1770; x_wconf 83' lang='grc'><strong>216.</strong></span> <span class='ocrx_word' id='word_1_159' title='bbox 1119 1707 1222 1769; x_wconf 89' lang='lat' dir='ltr'>Etiam</span> <span class='ocrx_word' id='word_1_160' title='bbox 1244 1708 1287 1770; x_wconf 87' lang='lat' dir='ltr'>M.</span> <span class='ocrx_word' id='word_1_161' title='bbox 1304 1702 1488 1779; x_wconf 90' lang='lat' dir='ltr'>Pontidius,</span> 
     </span>
     <span class='ocr_line' id='line_1_17' title="bbox 162 1797 1490 1887; baseline -0.006 -17"><span class='ocrx_word' id='word_1_162' title='bbox 162 1803 326 1887; x_wconf 85' lang='lat' dir='ltr'>municeps</span> <span class='ocrx_word' id='word_1_163' title='bbox 347 1806 470 1872; x_wconf 89' lang='lat' dir='ltr'>noster,</span> <span class='ocrx_word' id='word_1_164' title='bbox 505 1798 619 1861; x_wconf 89' lang='lat' dir='ltr'>multas</span> <span class='ocrx_word' id='word_1_165' title='bbox 640 1797 777 1882; x_wconf 86' lang='lat' dir='ltr'>privatas</span> <span class='ocrx_word' id='word_1_166' title='bbox 799 1817 908 1862; x_wconf 89' lang='lat' dir='ltr'>causas</span> <span class='ocrx_word' id='word_1_167' title='bbox 935 1799 1091 1875; x_wconf 84' lang='lat' dir='ltr'>actitavit,</span> <span class='ocrx_word' id='word_1_168' title='bbox 1125 1799 1271 1864; x_wconf 85' lang='lat' dir='ltr'>celeriter</span> <span class='ocrx_word' id='word_1_169' title='bbox 1293 1819 1370 1864; x_wconf 89' lang='lat' dir='ltr'>sane</span> <span class='ocrx_word' id='word_1_170' title='bbox 1391 1800 1490 1863; x_wconf 85' lang='lat' dir='ltr'>verbs</span> 
     </span>
     <span class='ocr_line' id='line_1_18' title="bbox 161 1889 1490 1978; baseline -0.006 -13"><span class='ocrx_word' id='word_1_171' title='bbox 161 1901 293 1965; x_wconf 83' lang='lat' dir='ltr'>volvens</span> <span class='ocrx_word' id='word_1_172' title='bbox 314 1915 374 1961; x_wconf 89' lang='lat' dir='ltr'>nec</span> <span class='ocrx_word' id='word_1_173' title='bbox 395 1891 492 1958; x_wconf 90' lang='lat' dir='ltr'>bches</span> <span class='ocrx_word' id='word_1_174' title='bbox 514 1890 547 1955; x_wconf 89' lang='lat' dir='ltr'>in</span> <span class='ocrx_word' id='word_1_175' title='bbox 570 1891 686 1965; x_wconf 91' lang='lat' dir='ltr'>causis,</span> <span class='ocrx_word' id='word_1_176' title='bbox 708 1891 759 1958; x_wconf 82' lang='lat' dir='ltr'>vel</span> <span class='ocrx_word' id='word_1_177' title='bbox 781 1893 884 1957; x_wconf 89' lang='lat' dir='ltr'>dicam</span> <span class='ocrx_word' id='word_1_178' title='bbox 904 1891 975 1978; x_wconf 91' lang='lat' dir='ltr'>plus</span> <span class='ocrx_word' id='word_1_179' title='bbox 992 1895 1086 1958; x_wconf 88' lang='lat' dir='ltr'>etiam</span> <span class='ocrx_word' id='word_1_180' title='bbox 1102 1914 1195 1978; x_wconf 90' lang='lat' dir='ltr'>quam</span> <span class='ocrx_word' id='word_1_181' title='bbox 1210 1914 1275 1959; x_wconf 92' lang='lat' dir='ltr'>non</span> <span class='ocrx_word' id='word_1_182' title='bbox 1289 1895 1408 1969; x_wconf 89' lang='lat' dir='ltr'>hebes,</span> <span class='ocrx_word' id='word_1_183' title='bbox 1432 1889 1490 1957; x_wconf 91' lang='lat' dir='ltr'>sed</span> 
     </span>
     <span class='ocr_line' id='line_1_19' title="bbox 162 1978 1490 2075; baseline -0.006 -17"><span class='ocrx_word' id='word_1_184' title='bbox 162 1991 373 2058; x_wconf 82' lang='lat' dir='ltr'>effervescens</span> <span class='ocrx_word' id='word_1_185' title='bbox 399 1989 432 2051; x_wconf 89' lang='lat' dir='ltr'>in</span> <span class='ocrx_word' id='word_1_186' title='bbox 461 1983 594 2051; x_wconf 90' lang='lat' dir='ltr'>dicendo</span> <span class='ocrx_word' id='word_1_187' title='bbox 622 1988 785 2050; x_wconf 89' lang='lat' dir='ltr'>stomacho</span> <span class='ocrx_word' id='word_1_188' title='bbox 807 1978 910 2073; x_wconf 65' lang='lat' dir='ltr'>&#39;saepe</span> <span class='ocrx_word' id='word_1_189' title='bbox 932 1987 1158 2075; x_wconf 88' lang='lat' dir='ltr'>iracundiaque</span> <span class='ocrx_word' id='word_1_190' title='bbox 1180 1990 1415 2066; x_wconf 80' lang='lat' dir='ltr'>vehementius3</span> <span class='ocrx_word' id='word_1_191' title='bbox 1454 1995 1490 2051; x_wconf 92' lang='lat' dir='ltr'>ut</span> 
     </span>
     <span class='ocr_line' id='line_1_20' title="bbox 161 2078 1489 2169; baseline -0.005 -18"><span class='ocrx_word' id='word_1_192' title='bbox 161 2107 226 2151; x_wconf 91' lang='lat' dir='ltr'>non</span> <span class='ocrx_word' id='word_1_193' title='bbox 247 2105 319 2150; x_wconf 90' lang='lat' dir='ltr'>cum</span> <span class='ocrx_word' id='word_1_194' title='bbox 339 2079 518 2147; x_wconf 82' lang='lat' dir='ltr'>adversario</span> <span class='ocrx_word' id='word_1_195' title='bbox 541 2078 661 2158; x_wconf 90' lang='lat' dir='ltr'>solum,</span> <span class='ocrx_word' id='word_1_196' title='bbox 684 2079 743 2145; x_wconf 82' lang='lat' dir='ltr'>sed.</span> <span class='ocrx_word' id='word_1_197' title='bbox 756 2081 870 2157; x_wconf 83' lang='lat' dir='ltr'>etiam,</span> <span class='ocrx_word' id='word_1_198' title='bbox 892 2083 978 2169; x_wconf 94' lang='lat' dir='ltr'>quod</span> <span class='ocrx_word' id='word_1_199' title='bbox 999 2081 1144 2147; x_wconf 91' lang='lat' dir='ltr'>mirabile</span> <span class='ocrx_word' id='word_1_200' title='bbox 1166 2092 1266 2160; x_wconf 89' lang='lat' dir='ltr'>esset,</span> <span class='ocrx_word' id='word_1_201' title='bbox 1290 2104 1362 2148; x_wconf 93' lang='lat' dir='ltr'>cum</span> <span class='ocrx_word' id='word_1_202' title='bbox 1383 2083 1489 2149; x_wconf 90' lang='lat' dir='ltr'>iudice</span> 
     </span>
     <span class='ocr_line' id='line_1_21' title="bbox 124 2172 1487 2264; baseline 0.001 -26"><span class='ocrx_word' id='word_1_203' title='bbox 124 2196 153 2238; x_wconf 83' lang='grc'>11</span> <span class='ocrx_word' id='word_1_204' title='bbox 161 2179 250 2264; x_wconf 87' lang='lat' dir='ltr'>ipso,</span> <span class='ocrx_word' id='word_1_205' title='bbox 281 2179 369 2243; x_wconf 89' lang='lat' dir='ltr'>cuius</span> <span class='ocrx_word' id='word_1_206' title='bbox 391 2174 545 2241; x_wconf 89' lang='lat' dir='ltr'>delenitor</span> <span class='ocrx_word' id='word_1_207' title='bbox 566 2194 634 2239; x_wconf 91' lang='lat' dir='ltr'>esse</span> <span class='ocrx_word' id='word_1_208' title='bbox 658 2172 752 2240; x_wconf 90' lang='lat' dir='ltr'>debet</span> <span class='ocrx_word' id='word_1_209' title='bbox 773 2182 899 2255; x_wconf 87' lang='lat' dir='ltr'>orator,</span> <span class='ocrx_word' id='word_1_210' title='bbox 934 2177 1038 2262; x_wconf 79' lang='lat' dir='ltr'>iurgio</span> <span class='ocrx_word' id='word_1_211' title='bbox 1060 2197 1155 2262; x_wconf 88' lang='lat' dir='ltr'>saepe</span> <span class='ocrx_word' id='word_1_212' title='bbox 1179 2180 1397 2244; x_wconf 87' lang='lat' dir='ltr'>contenderet.</span> <span class='ocrx_word' id='word_1_213' title='bbox 1442 2178 1487 2241; x_wconf 87' lang='lat' dir='ltr'>M.</span> 
     </span>
     <span class='ocr_line' id='line_1_22' title="bbox 160 2269 1490 2358; baseline -0.005 -17"><span class='ocrx_word' id='word_1_214' title='bbox 160 2271 303 2342; x_wconf 90' lang='lat' dir='ltr'>Messalla</span> <span class='ocrx_word' id='word_1_215' title='bbox 325 2271 430 2336; x_wconf 89' lang='lat' dir='ltr'>minor</span> <span class='ocrx_word' id='word_1_216' title='bbox 450 2277 525 2335; x_wconf 87' lang='lat' dir='ltr'>natu</span> <span class='ocrx_word' id='word_1_217' title='bbox 547 2289 641 2356; x_wconf 93' lang='lat' dir='ltr'>quam</span> <span class='ocrx_word' id='word_1_218' title='bbox 663 2291 735 2346; x_wconf 91' lang='lat' dir='ltr'>nos,</span> <span class='ocrx_word' id='word_1_219' title='bbox 757 2269 844 2336; x_wconf 91' lang='lat' dir='ltr'>nullo</span> <span class='ocrx_word' id='word_1_220' title='bbox 866 2273 961 2336; x_wconf 93' lang='lat' dir='ltr'>modo</span> <span class='ocrx_word' id='word_1_221' title='bbox 982 2271 1093 2358; x_wconf 90' lang='lat' dir='ltr'>inops,</span> <span class='ocrx_word' id='word_1_222' title='bbox 1117 2275 1257 2337; x_wconf 88' lang='lat' dir='ltr'>sednon</span> <span class='ocrx_word' id='word_1_223' title='bbox 1279 2271 1372 2336; x_wconf 90' lang='lat' dir='ltr'>nimis</span> <span class='ocrx_word' id='word_1_224' title='bbox 1394 2290 1490 2335; x_wconf 88' lang='lat' dir='ltr'>orna·</span> 
     </span>
     <span class='ocr_line' id='line_1_23' title="bbox 161 2366 1489 2454; baseline -0.003 -21"><span class='ocrx_word' id='word_1_225' title='bbox 161 2375 211 2436; x_wconf 91' lang='lat' dir='ltr'>tus</span> <span class='ocrx_word' id='word_1_226' title='bbox 232 2388 346 2454; x_wconf 80' lang='lat' dir='ltr'>genere</span> <span class='ocrx_word' id='word_1_227' title='bbox 368 2368 557 2443; x_wconf 76' lang='lat' dir='ltr'>verborum3</span> <span class='ocrx_word' id='word_1_228' title='bbox 593 2366 747 2450; x_wconf 91' lang='lat' dir='ltr'>prudens,</span> <span class='ocrx_word' id='word_1_229' title='bbox 779 2372 907 2440; x_wconf 88' lang='lat' dir='ltr'>acutus,</span> <span class='ocrx_word' id='word_1_230' title='bbox 940 2367 1069 2430; x_wconf 89' lang='lat' dir='ltr'>minime</span> <span class='ocrx_word' id='word_1_231' title='bbox 1091 2368 1234 2432; x_wconf 89' lang='lat' dir='ltr'>incautus</span> <span class='ocrx_word' id='word_1_232' title='bbox 1256 2376 1424 2454; x_wconf 90' lang='lat' dir='ltr'>patronus,</span> <span class='ocrx_word' id='word_1_233' title='bbox 1455 2367 1489 2430; x_wconf 89' lang='lat' dir='ltr'>in</span> 
     </span>
     <span class='ocr_line' id='line_1_24' title="bbox 162 2459 1487 2547; baseline -0.004 -18"><span class='ocrx_word' id='word_1_234' title='bbox 162 2465 263 2529; x_wconf 87' lang='lat' dir='ltr'>causis</span> <span class='ocrx_word' id='word_1_235' title='bbox 297 2461 523 2546; x_wconf 84' lang='lat' dir='ltr'>cognoscendis</span> <span class='ocrx_word' id='word_1_236' title='bbox 555 2460 844 2546; x_wconf 86' lang='lat' dir='ltr'>componendisque</span> <span class='ocrx_word' id='word_1_237' title='bbox 876 2460 1026 2547; x_wconf 86' lang='lat' dir='ltr'>diligens,</span> <span class='ocrx_word' id='word_1_238' title='bbox 1059 2463 1163 2544; x_wconf 83' lang='lat' dir='ltr'>magni</span> <span class='ocrx_word' id='word_1_239' title='bbox 1195 2461 1332 2538; x_wconf 90' lang='lat' dir='ltr'>laboris,</span> <span class='ocrx_word' id='word_1_240' title='bbox 1369 2459 1487 2526; x_wconf 90' lang='lat' dir='ltr'>multae</span> 
     </span>
     <span class='ocr_line' id='line_1_25' title="bbox 162 2554 1490 2642; baseline -0.005 -19"><span class='ocrx_word' id='word_1_241' title='bbox 162 2576 279 2642; x_wconf 88' lang='lat' dir='ltr'>operae</span> <span class='ocrx_word' id='word_1_242' title='bbox 300 2558 532 2638; x_wconf 88' lang='lat' dir='ltr'>multarumque</span> <span class='ocrx_word' id='word_1_243' title='bbox 554 2574 730 2618; x_wconf 88' lang='lat' dir='ltr'>causarum.</span> <span class='ocrx_word' id='word_1_244' title='bbox 775 2554 848 2618; x_wconf 79' lang='lat' dir='ltr'>2b7.</span> <span class='ocrx_word' id='word_1_245' title='bbox 883 2557 955 2620; x_wconf 90' lang='lat' dir='ltr'>Duo</span> <span class='ocrx_word' id='word_1_246' title='bbox 978 2556 1073 2619; x_wconf 90' lang='lat' dir='ltr'>etiam</span> <span class='ocrx_word' id='word_1_247' title='bbox 1094 2554 1228 2632; x_wconf 87' lang='lat' dir='ltr'>Metelli,</span> <span class='ocrx_word' id='word_1_248' title='bbox 1261 2556 1351 2620; x_wconf 89' lang='lat' dir='ltr'>Celer</span> <span class='ocrx_word' id='word_1_249' title='bbox 1373 2561 1405 2619; x_wconf 91' lang='lat' dir='ltr'>et</span> <span class='ocrx_word' id='word_1_250' title='bbox 1426 2557 1490 2617; x_wconf 88' lang='lat' dir='ltr'>Ne·</span> 
     </span>
     <span class='ocr_line' id='line_1_26' title="bbox 125 2647 1491 2739; baseline -0.004 -22"><span class='ocrx_word' id='word_1_251' title='bbox 125 2672 238 2739; x_wconf 84' lang='lat' dir='ltr'>aspos,</span> <span class='ocrx_word' id='word_1_252' title='bbox 261 2649 403 2718; x_wconf 89' lang='lat' dir='ltr'>nonnihil</span> <span class='ocrx_word' id='word_1_253' title='bbox 425 2651 457 2713; x_wconf 91' lang='lat' dir='ltr'>in</span> <span class='ocrx_word' id='word_1_254' title='bbox 481 2647 582 2714; x_wconf 83' lang='lat' dir='ltr'>causis</span> <span class='ocrx_word' id='word_1_255' title='bbox 604 2651 736 2721; x_wconf 82' lang='lat' dir='ltr'>versati,</span> <span class='ocrx_word' id='word_1_256' title='bbox 762 2668 821 2712; x_wconf 90' lang='lat' dir='ltr'>nec</span> <span class='ocrx_word' id='word_1_257' title='bbox 842 2649 908 2714; x_wconf 91' lang='lat' dir='ltr'>sinc</span> <span class='ocrx_word' id='word_1_258' title='bbox 929 2648 1057 2733; x_wconf 78' lang='lat' dir='ltr'>ingenio</span> <span class='ocrx_word' id='word_1_259' title='bbox 1076 2671 1135 2714; x_wconf 92' lang='lat' dir='ltr'>nec</span> <span class='ocrx_word' id='word_1_260' title='bbox 1151 2649 1287 2725; x_wconf 91' lang='lat' dir='ltr'>indocti,</span> <span class='ocrx_word' id='word_1_261' title='bbox 1312 2651 1373 2713; x_wconf 92' lang='lat' dir='ltr'>hoc</span> <span class='ocrx_word' id='word_1_262' title='bbox 1395 2655 1491 2713; x_wconf 91' lang='lat' dir='ltr'>erant</span> 
     </span>
     <span class='ocr_line' id='line_1_27' title="bbox 162 2742 1490 2833; baseline -0.004 -20"><span class='ocrx_word' id='word_1_263' title='bbox 162 2745 314 2833; x_wconf 90' lang='lat' dir='ltr'>populare</span> <span class='ocrx_word' id='word_1_264' title='bbox 343 2742 466 2808; x_wconf 90' lang='lat' dir='ltr'>dicendi</span> <span class='ocrx_word' id='word_1_265' title='bbox 498 2763 595 2827; x_wconf 73' lang='lat' dir='ltr'>genus</span> <span class='ocrx_word' id='word_1_266' title='bbox 623 2742 769 2807; x_wconf 81' lang='lat' dir='ltr'>assecuti.</span> <span class='ocrx_word' id='word_1_267' title='bbox 815 2742 871 2808; x_wconf 89' lang='lat' dir='ltr'>Cn.</span> <span class='ocrx_word' id='word_1_268' title='bbox 896 2751 1002 2809; x_wconf 90' lang='lat' dir='ltr'>autem</span> <span class='ocrx_word' id='word_1_269' title='bbox 1033 2746 1182 2809; x_wconf 86' lang='lat' dir='ltr'>Lentulus</span> <span class='ocrx_word' id='word_1_270' title='bbox 1204 2742 1403 2810; x_wconf 86' lang='lat' dir='ltr'>Marcellinus</span> <span class='ocrx_word' id='word_1_271' title='bbox 1427 2762 1490 2808; x_wconf 88' lang='lat' dir='ltr'>neo</span> 
     </span>
     <span class='ocr_line' id='line_1_28' title="bbox 160 2836 1490 2929; baseline -0.004 -21"><span class='ocrx_word' id='word_1_272' title='bbox 160 2862 298 2929; x_wconf 62' lang='lat' dir='ltr'>numam</span> <span class='ocrx_word' id='word_1_273' title='bbox 327 2838 498 2905; x_wconf 78' lang='lat' dir='ltr'>indisertus</span> <span class='ocrx_word' id='word_1_274' title='bbox 529 2845 562 2902; x_wconf 90' lang='lat' dir='ltr'>et</span> <span class='ocrx_word' id='word_1_275' title='bbox 589 2836 624 2902; x_wconf 91' lang='lat' dir='ltr'>in</span> <span class='ocrx_word' id='word_1_276' title='bbox 654 2838 817 2902; x_wconf 87' lang='lat' dir='ltr'>consulatu</span> <span class='ocrx_word' id='word_1_277' title='bbox 845 2840 1055 2925; x_wconf 86' lang='lat' dir='ltr'>pereloquens</span> <span class='ocrx_word' id='word_1_278' title='bbox 1084 2841 1169 2905; x_wconf 81' lang='lat' dir='ltr'>visus</span> <span class='ocrx_word' id='word_1_279' title='bbox 1191 2847 1255 2915; x_wconf 89' lang='lat' dir='ltr'>est,</span> <span class='ocrx_word' id='word_1_280' title='bbox 1293 2859 1357 2904; x_wconf 92' lang='lat' dir='ltr'>non</span> <span class='ocrx_word' id='word_1_281' title='bbox 1380 2840 1490 2904; x_wconf 89' lang='lat' dir='ltr'>tardus</span> 
     </span>
     <span class='ocr_line' id='line_1_29' title="bbox 160 2930 1487 3015; baseline -0.002 -13"><span class='ocrx_word' id='word_1_282' title='bbox 160 2936 339 3010; x_wconf 89' lang='lat' dir='ltr'>sententiis,</span> <span class='ocrx_word' id='word_1_283' title='bbox 363 2954 427 2997; x_wconf 87' lang='lat' dir='ltr'>nou</span> <span class='ocrx_word' id='word_1_284' title='bbox 449 2930 541 3015; x_wconf 92' lang='lat' dir='ltr'>inops</span> <span class='ocrx_word' id='word_1_285' title='bbox 562 2930 689 3007; x_wconf 78' lang='lat' dir='ltr'>verbis,</span> <span class='ocrx_word' id='word_1_286' title='bbox 711 2952 790 2996; x_wconf 82' lang='lat' dir='ltr'>voce</span> <span class='ocrx_word' id='word_1_287' title='bbox 813 2951 948 3008; x_wconf 91' lang='lat' dir='ltr'>canora,</span> <span class='ocrx_word' id='word_1_288' title='bbox 977 2931 1095 2998; x_wconf 80' lang='lat' dir='ltr'>facetus</span> <span class='ocrx_word' id='word_1_289' title='bbox 1118 2935 1205 2999; x_wconf 92' lang='lat' dir='ltr'>satis.</span> <span class='ocrx_word' id='word_1_290' title='bbox 1252 2935 1286 2999; x_wconf 84' lang='lat' dir='ltr'>u.</span> <span class='ocrx_word' id='word_1_291' title='bbox 1301 2935 1487 3009; x_wconf 86' lang='lat' dir='ltr'>Memmius,</span> 
     </span>
     <span class='ocr_line' id='line_1_30' title="bbox 160 3017 1491 3120; baseline -0.002 -25"><span class='ocrx_word' id='word_1_292' title='bbox 160 3032 197 3099; x_wconf 91' lang='lat' dir='ltr'>L.</span> <span class='ocrx_word' id='word_1_293' title='bbox 212 3032 266 3105; x_wconf 72' lang='lat' dir='ltr'>R,</span> <span class='ocrx_word' id='word_1_294' title='bbox 289 3025 447 3115; x_wconf 89' lang='lat' dir='ltr'>perfectus</span> <span class='ocrx_word' id='word_1_295' title='bbox 467 3026 598 3102; x_wconf 90' lang='lat' dir='ltr'>litteris,</span> <span class='ocrx_word' id='word_1_296' title='bbox 622 3028 678 3091; x_wconf 90' lang='lat' dir='ltr'>sed</span> <span class='ocrx_word' id='word_1_297' title='bbox 702 3025 847 3105; x_wconf 89' lang='lat' dir='ltr'>Graecis;</span> <span class='ocrx_word' id='word_1_298' title='bbox 869 3025 1050 3120; x_wconf 83' lang='lat' dir='ltr'>qutidiosus</span> <span class='ocrx_word' id='word_1_299' title='bbox 1071 3049 1147 3093; x_wconf 89' lang='lat' dir='ltr'>sane</span> <span class='ocrx_word' id='word_1_300' title='bbox 1170 3017 1367 3107; x_wconf 57' lang='lat' dir='ltr'>Latinarum}</span> <span class='ocrx_word' id='word_1_301' title='bbox 1394 3049 1491 3111; x_wconf 81' lang='lat' dir='ltr'>argu-</span> 
     </span>
     <span class='ocr_line' id='line_1_31' title="bbox 123 3120 1489 3209; baseline -0.004 -18"><span class='ocrx_word' id='word_1_302' title='bbox 123 3130 210 3192; x_wconf 79' lang='grc'><strong>11111</strong></span> <span class='ocrx_word' id='word_1_303' title='bbox 232 3133 341 3190; x_wconf 90' lang='lat' dir='ltr'>orator</span> <span class='ocrx_word' id='word_1_304' title='bbox 362 3124 528 3209; x_wconf 82' lang='lat' dir='ltr'>verbisque</span> <span class='ocrx_word' id='word_1_305' title='bbox 551 3123 667 3198; x_wconf 90' lang='lat' dir='ltr'>dulcis,</span> <span class='ocrx_word' id='word_1_306' title='bbox 690 3124 745 3186; x_wconf 90' lang='lat' dir='ltr'>sed</span> <span class='ocrx_word' id='word_1_307' title='bbox 768 3120 892 3206; x_wconf 86' lang='lat' dir='ltr'>fugiens</span> <span class='ocrx_word' id='word_1_308' title='bbox 907 3143 970 3189; x_wconf 91' lang='lat' dir='ltr'>noo</span> <span class='ocrx_word' id='word_1_309' title='bbox 985 3127 1079 3189; x_wconf 93' lang='lat' dir='ltr'>modo</span> <span class='ocrx_word' id='word_1_310' title='bbox 1097 3124 1240 3201; x_wconf 88' lang='lat' dir='ltr'>dicendi,</span> <span class='ocrx_word' id='word_1_311' title='bbox 1264 3125 1489 3189; x_wconf 89' lang='lat' dir='ltr'>verumetiam</span> 
     </span>
     <span class='ocr_line' id='line_1_32' title="bbox 160 3216 1490 3307; baseline -0.003 -22"><span class='ocrx_word' id='word_1_312' title='bbox 160 3217 318 3303; x_wconf 76' lang='lat' dir='ltr'>cogitandi</span> <span class='ocrx_word' id='word_1_313' title='bbox 339 3218 499 3296; x_wconf 90' lang='lat' dir='ltr'>lahorem,</span> <span class='ocrx_word' id='word_1_314' title='bbox 523 3226 641 3283; x_wconf 89' lang='lat' dir='ltr'>tanturn</span> <span class='ocrx_word' id='word_1_315' title='bbox 662 3218 723 3282; x_wconf 88' lang='lat' dir='ltr'>sihi</span> <span class='ocrx_word' id='word_1_316' title='bbox 746 3218 785 3282; x_wconf 90' lang='lat' dir='ltr'>de</span> <span class='ocrx_word' id='word_1_317' title='bbox 807 3216 953 3283; x_wconf 90' lang='lat' dir='ltr'>facultate</span> <span class='ocrx_word' id='word_1_318' title='bbox 975 3221 1131 3296; x_wconf 87' lang='lat' dir='ltr'>detraxit,</span> <span class='ocrx_word' id='word_1_319' title='bbox 1158 3228 1308 3307; x_wconf 91' lang='lat' dir='ltr'>quantum</span> <span class='ocrx_word' id='word_1_320' title='bbox 1330 3218 1490 3284; x_wconf 89' lang='lat' dir='ltr'>imminuit</span> 
     </span>
     <span class='ocr_line' id='line_1_33' title="bbox 159 3311 341 3379; baseline 0.005 -1"><span class='ocrx_word' id='word_1_321' title='bbox 159 3311 341 3379; x_wconf 87' lang='lat' dir='ltr'>industriae.</span> 
     </span>
     <span class='ocr_line' id='line_1_34' title="bbox 244 3405 1488 3494; baseline 0.002 -22"><span class='ocrx_word' id='word_1_322' title='bbox 244 3410 356 3473; x_wconf 82' lang='lat' dir='ltr'><strong>LXXI.</strong></span> <span class='ocrx_word' id='word_1_323' title='bbox 380 3409 454 3472; x_wconf 81' lang='grc'><strong>218.</strong></span> <span class='ocrx_word' id='word_1_324' title='bbox 489 3408 559 3472; x_wconf 82' lang='grc' dir='ltr'>Ηοο</span> <span class='ocrx_word' id='word_1_325' title='bbox 579 3405 650 3471; x_wconf 94' lang='lat' dir='ltr'>loco</span> <span class='ocrx_word' id='word_1_326' title='bbox 672 3407 804 3484; x_wconf 89' lang='lat' dir='ltr'>Brutus,</span> <span class='ocrx_word' id='word_1_327' title='bbox 828 3408 930 3485; x_wconf 88' lang='lat' dir='ltr'>Quam</span> <span class='ocrx_word' id='word_1_328' title='bbox 954 3409 1088 3484; x_wconf 90' lang='lat' dir='ltr'>vellem,</span> <span class='ocrx_word' id='word_1_329' title='bbox 1112 3409 1234 3494; x_wconf 90' lang='lat' dir='ltr'>inquit,</span> <span class='ocrx_word' id='word_1_330' title='bbox 1258 3410 1369 3473; x_wconf 91' lang='lat' dir='ltr'>dehis</span> <span class='ocrx_word' id='word_1_331' title='bbox 1391 3410 1488 3475; x_wconf 88' lang='lat' dir='ltr'>etiam</span> 
     </span>
     <span class='ocr_line' id='line_1_35' title="bbox 160 3499 1485 3589; baseline -0.002 -18"><span class='ocrx_word' id='word_1_332' title='bbox 160 3502 358 3579; x_wconf 90' lang='lat' dir='ltr'>oratoribus,</span> <span class='ocrx_word' id='word_1_333' title='bbox 383 3505 436 3589; x_wconf 92' lang='lat' dir='ltr'>qui</span> <span class='ocrx_word' id='word_1_334' title='bbox 458 3500 553 3567; x_wconf 89' lang='lat' dir='ltr'>hodie</span> <span class='ocrx_word' id='word_1_335' title='bbox 576 3510 664 3577; x_wconf 90' lang='lat' dir='ltr'>sunt,</span> <span class='ocrx_word' id='word_1_336' title='bbox 694 3503 751 3566; x_wconf 92' lang='lat' dir='ltr'>tihi</span> <span class='ocrx_word' id='word_1_337' title='bbox 773 3501 879 3567; x_wconf 88' lang='lat' dir='ltr'>dicere</span> <span class='ocrx_word' id='word_1_338' title='bbox 901 3499 1040 3568; x_wconf 90' lang='lat' dir='ltr'>luberetl</span> <span class='ocrx_word' id='word_1_339' title='bbox 1078 3511 1125 3580; x_wconf 92' lang='lat' dir='ltr'>et,</span> <span class='ocrx_word' id='word_1_340' title='bbox 1159 3502 1186 3568; x_wconf 90' lang='lat' dir='ltr'>si</span> <span class='ocrx_word' id='word_1_341' title='bbox 1210 3505 1249 3568; x_wconf 91' lang='lat' dir='ltr'>de</span> <span class='ocrx_word' id='word_1_342' title='bbox 1270 3503 1340 3568; x_wconf 91' lang='lat' dir='ltr'>aliis</span> <span class='ocrx_word' id='word_1_343' title='bbox 1362 3505 1485 3580; x_wconf 90' lang='lat' dir='ltr'>minus,</span> 
     </span>
     <span class='ocr_line' id='line_1_36' title="bbox 124 3595 1485 3684; baseline -0.001 -22"><span class='ocrx_word' id='word_1_344' title='bbox 124 3601 201 3664; x_wconf 77' lang='lat' dir='ltr'>esde</span> <span class='ocrx_word' id='word_1_345' title='bbox 223 3595 346 3663; x_wconf 90' lang='lat' dir='ltr'>duobus</span> <span class='ocrx_word' id='word_1_346' title='bbox 367 3604 488 3673; x_wconf 91' lang='lat' dir='ltr'>tamen,</span> <span class='ocrx_word' id='word_1_347' title='bbox 525 3616 605 3684; x_wconf 89' lang='lat' dir='ltr'>quos</span> <span class='ocrx_word' id='word_1_348' title='bbox 626 3617 645 3660; x_wconf 95' lang='lat' dir='ltr'>a</span> <span class='ocrx_word' id='word_1_349' title='bbox 668 3604 698 3660; x_wconf 93' lang='lat' dir='ltr'>te</span> <span class='ocrx_word' id='word_1_350' title='bbox 721 3596 787 3662; x_wconf 91' lang='lat' dir='ltr'>scio</span> <span class='ocrx_word' id='word_1_351' title='bbox 809 3595 928 3662; x_wconf 90' lang='lat' dir='ltr'>laudari</span> <span class='ocrx_word' id='word_1_352' title='bbox 957 3596 1072 3673; x_wconf 88' lang='lat' dir='ltr'>solere,</span> <span class='ocrx_word' id='word_1_353' title='bbox 1108 3601 1241 3665; x_wconf 88' lang='lat' dir='ltr'>Caesare</span> <span class='ocrx_word' id='word_1_354' title='bbox 1263 3607 1296 3662; x_wconf 90' lang='lat' dir='ltr'>et</span> <span class='ocrx_word' id='word_1_355' title='bbox 1318 3597 1485 3673; x_wconf 88' lang='lat' dir='ltr'>Marcello,</span> 
     </span>
     <span class='ocr_line' id='line_1_37' title="bbox 161 3689 1488 3781; baseline -0.004 -22"><span class='ocrx_word' id='word_1_356' title='bbox 161 3694 303 3760; x_wconf 89' lang='lat' dir='ltr'>audirem</span> <span class='ocrx_word' id='word_1_357' title='bbox 334 3713 398 3757; x_wconf 87' lang='lat' dir='ltr'>nou</span> <span class='ocrx_word' id='word_1_358' title='bbox 428 3694 532 3757; x_wconf 89' lang='lat' dir='ltr'>minus</span> <span class='ocrx_word' id='word_1_359' title='bbox 559 3689 721 3768; x_wconf 90' lang='lat' dir='ltr'>lubenter,</span> <span class='ocrx_word' id='word_1_360' title='bbox 758 3712 850 3777; x_wconf 92' lang='lat' dir='ltr'>quam</span> <span class='ocrx_word' id='word_1_361' title='bbox 881 3692 986 3757; x_wconf 84' lang='lat' dir='ltr'>audivi</span> <span class='ocrx_word' id='word_1_362' title='bbox 1013 3690 1051 3757; x_wconf 90' lang='lat' dir='ltr'>de</span> <span class='ocrx_word' id='word_1_363' title='bbox 1072 3694 1130 3770; x_wconf 91' lang='lat' dir='ltr'>iis,</span> <span class='ocrx_word' id='word_1_364' title='bbox 1165 3695 1219 3781; x_wconf 92' lang='lat' dir='ltr'>qui</span> <span class='ocrx_word' id='word_1_365' title='bbox 1240 3691 1377 3759; x_wconf 87' lang='lat' dir='ltr'>fuerunt.</span> <span class='ocrx_word' id='word_1_366' title='bbox 1423 3692 1488 3755; x_wconf 90' lang='lat' dir='ltr'>Cur</span> 
     </span>
     <span class='ocr_line' id='line_1_38' title="bbox 160 3784 1487 3875; baseline -0.005 -19"><span class='ocrx_word' id='word_1_367' title='bbox 160 3788 308 3856; x_wconf 85' lang='lat' dir='ltr'>taudcmt</span> <span class='ocrx_word' id='word_1_368' title='bbox 343 3787 489 3872; x_wconf 88' lang='lat' dir='ltr'>inquam;</span> <span class='ocrx_word' id='word_1_369' title='bbox 527 3807 566 3851; x_wconf 90' lang='lat' dir='ltr'>an</span> <span class='ocrx_word' id='word_1_370' title='bbox 596 3794 780 3871; x_wconf 82' lang='lat' dir='ltr'>exspectas,</span> <span class='ocrx_word' id='word_1_371' title='bbox 815 3784 890 3874; x_wconf 92' lang='lat' dir='ltr'>quid</span> <span class='ocrx_word' id='word_1_372' title='bbox 919 3807 978 3871; x_wconf 86' lang='lat' dir='ltr'>ego</span> <span class='ocrx_word' id='word_1_373' title='bbox 1006 3786 1143 3854; x_wconf 89' lang='lat' dir='ltr'>iudicem</span> <span class='ocrx_word' id='word_1_374' title='bbox 1166 3792 1205 3855; x_wconf 90' lang='lat' dir='ltr'>de</span> <span class='ocrx_word' id='word_1_375' title='bbox 1227 3791 1310 3864; x_wconf 91' lang='lat' dir='ltr'>istis,</span> <span class='ocrx_word' id='word_1_376' title='bbox 1345 3789 1399 3875; x_wconf 89' lang='lat' dir='ltr'>qui</span> <span class='ocrx_word' id='word_1_377' title='bbox 1427 3784 1487 3851; x_wconf 90' lang='lat' dir='ltr'>tihi</span> 
     </span>
     <span class='ocr_line' id='line_1_39' title="bbox 162 3880 1487 3970; baseline -0.003 -20"><span class='ocrx_word' id='word_1_378' title='bbox 162 3893 236 3951; x_wconf 90' lang='lat' dir='ltr'>sunt</span> <span class='ocrx_word' id='word_1_379' title='bbox 257 3903 358 3970; x_wconf 88' lang='lat' dir='ltr'>aeque</span> <span class='ocrx_word' id='word_1_380' title='bbox 379 3883 446 3946; x_wconf 89' lang='lat' dir='ltr'>noti</span> <span class='ocrx_word' id='word_1_381' title='bbox 467 3902 504 3945; x_wconf 89' lang='lat' dir='ltr'>ao</span> <span class='ocrx_word' id='word_1_382' title='bbox 530 3880 627 3946; x_wconf 86' lang='lat' dir='ltr'>mihit</span> <span class='ocrx_word' id='word_1_383' title='bbox 662 3881 737 3948; x_wconf 85' lang='lat' dir='ltr'>Mihi</span> <span class='ocrx_word' id='word_1_384' title='bbox 765 3881 966 3959; x_wconf 89' lang='lat' dir='ltr'>mehercule,</span> <span class='ocrx_word' id='word_1_385' title='bbox 1001 3884 1119 3969; x_wconf 91' lang='lat' dir='ltr'>inquit,</span> <span class='ocrx_word' id='word_1_386' title='bbox 1153 3883 1317 3950; x_wconf 90' lang='lat' dir='ltr'>Marcellus</span> <span class='ocrx_word' id='word_1_387' title='bbox 1338 3881 1413 3947; x_wconf 90' lang='lat' dir='ltr'>satis</span> <span class='ocrx_word' id='word_1_388' title='bbox 1437 3887 1487 3947; x_wconf 90' lang='lat' dir='ltr'>est</span> 
     </span>
     <span class='ocr_line' id='line_1_40' title="bbox 159 3975 1485 4064; baseline -0.004 -18"><span class='ocrx_word' id='word_1_389' title='bbox 159 3987 272 4058; x_wconf 80' lang='lat' dir='ltr'>notus3</span> <span class='ocrx_word' id='word_1_390' title='bbox 297 3979 412 4043; x_wconf 87' lang='lat' dir='ltr'>Caesar</span> <span class='ocrx_word' id='word_1_391' title='bbox 433 3986 537 4042; x_wconf 88' lang='lat' dir='ltr'>autem</span> <span class='ocrx_word' id='word_1_392' title='bbox 560 3996 683 4062; x_wconf 92' lang='lat' dir='ltr'>parum.</span> <span class='ocrx_word' id='word_1_393' title='bbox 727 3975 817 4042; x_wconf 93' lang='lat' dir='ltr'>lllum</span> <span class='ocrx_word' id='word_1_394' title='bbox 839 3977 924 4041; x_wconf 91' lang='lat' dir='ltr'>enim</span> <span class='ocrx_word' id='word_1_395' title='bbox 946 3998 1040 4064; x_wconf 90' lang='lat' dir='ltr'>saepe</span> <span class='ocrx_word' id='word_1_396' title='bbox 1063 3976 1184 4044; x_wconf 86' lang='lat' dir='ltr'>audivi:</span> <span class='ocrx_word' id='word_1_397' title='bbox 1221 3979 1295 4042; x_wconf 78' lang='lat' dir='ltr'>2t9.</span> <span class='ocrx_word' id='word_1_398' title='bbox 1319 3975 1389 4053; x_wconf 93' lang='lat' dir='ltr'>hic,</span> <span class='ocrx_word' id='word_1_399' title='bbox 1412 3999 1485 4041; x_wconf 91' lang='lat' dir='ltr'>cum</span> 
     </span>
     <span class='ocr_line' id='line_1_41' title="bbox 122 4070 1484 4163; baseline -0.001 -27"><span class='ocrx_word' id='word_1_400' title='bbox 122 4092 220 4163; x_wconf 79' lang='lat' dir='ltr'>soego</span> <span class='ocrx_word' id='word_1_401' title='bbox 248 4073 389 4140; x_wconf 89' lang='lat' dir='ltr'>iudicare</span> <span class='ocrx_word' id='word_1_402' title='bbox 418 4072 481 4136; x_wconf 90' lang='lat' dir='ltr'>iam</span> <span class='ocrx_word' id='word_1_403' title='bbox 502 4070 620 4159; x_wconf 90' lang='lat' dir='ltr'>aliquid</span> <span class='ocrx_word' id='word_1_404' title='bbox 642 4092 787 4155; x_wconf 89' lang='lat' dir='ltr'>possem,</span> <span class='ocrx_word' id='word_1_405' title='bbox 822 4071 933 4137; x_wconf 89' lang='lat' dir='ltr'>abfuit.</span> <span class='ocrx_word' id='word_1_406' title='bbox 979 4071 1064 4150; x_wconf 85' lang='lat' dir='ltr'>Quid</span> <span class='ocrx_word' id='word_1_407' title='bbox 1086 4073 1182 4158; x_wconf 81' lang='lat' dir='ltr'>igitur</span> <span class='ocrx_word' id='word_1_408' title='bbox 1204 4071 1243 4138; x_wconf 92' lang='lat' dir='ltr'>de</span> <span class='ocrx_word' id='word_1_409' title='bbox 1266 4072 1320 4138; x_wconf 92' lang='lat' dir='ltr'>illo</span> <span class='ocrx_word' id='word_1_410' title='bbox 1342 4071 1484 4149; x_wconf 88' lang='lat' dir='ltr'>iudicas,</span> 
     </span>
     <span class='ocr_line' id='line_1_42' title="bbox 160 4164 1486 4262; baseline -0.004 -25"><span class='ocrx_word' id='word_1_411' title='bbox 160 4188 369 4256; x_wconf 80' lang='lat' dir='ltr'>quamsaepe</span> <span class='ocrx_word' id='word_1_412' title='bbox 391 4165 557 4262; x_wconf 71' lang='lat' dir='ltr'>audivisti?</span> <span class='ocrx_word' id='word_1_413' title='bbox 595 4164 678 4242; x_wconf 87' lang='lat' dir='ltr'>Quid</span> <span class='ocrx_word' id='word_1_414' title='bbox 701 4187 828 4249; x_wconf 89' lang='lat' dir='ltr'>censes,</span> <span class='ocrx_word' id='word_1_415' title='bbox 855 4166 978 4252; x_wconf 91' lang='lat' dir='ltr'>inquit,</span> <span class='ocrx_word' id='word_1_416' title='bbox 1001 4167 1063 4232; x_wconf 91' lang='lat' dir='ltr'>nisi</span> <span class='ocrx_word' id='word_1_417' title='bbox 1083 4166 1135 4244; x_wconf 91' lang='lat' dir='ltr'>id,</span> <span class='ocrx_word' id='word_1_418' title='bbox 1158 4165 1243 4255; x_wconf 91' lang='lat' dir='ltr'>quod</span> <span class='ocrx_word' id='word_1_419' title='bbox 1265 4169 1427 4232; x_wconf 89' lang='lat' dir='ltr'>habiturus</span> <span class='ocrx_word' id='word_1_420' title='bbox 1450 4187 1486 4232; x_wconf 89' lang='lat' dir='ltr'>es</span> 
     </span>
    </p>
   </div>
   <div class='ocr_carea' id='block_1_3' title="bbox 157 4385 1486 4735">
    <p class='ocr_par' dir='ltr' id='par_1_3' title="bbox 157 4385 1486 4735">
     <span class='ocr_line' id='line_1_43' title="bbox 228 4385 1485 4453; baseline -0.001 -11"><span class='ocrx_word' id='word_1_421' title='bbox 228 4391 255 4443; x_wconf 79' lang='lat' dir='ltr'>t.</span> <span class='ocrx_word' id='word_1_422' title='bbox 275 4390 396 4442; x_wconf 81' lang='lat' dir='ltr'>Stolones</span> <span class='ocrx_word' id='word_1_423' title='bbox 414 4388 446 4441; x_wconf 82' lang='lat' dir='ltr'>ll.</span> <span class='ocrx_word' id='word_1_424' title='bbox 468 4415 496 4428; x_wconf 92' lang='lat'>-</span> <span class='ocrx_word' id='word_1_425' title='bbox 517 4387 544 4438; x_wconf 82' lang='lat'>8.</span> <span class='ocrx_word' id='word_1_426' title='bbox 563 4393 625 4438; x_wconf 78' lang='lat' dir='ltr'>sunt</span> <span class='ocrx_word' id='word_1_427' title='bbox 644 4385 691 4453; x_wconf 77' lang='lat' dir='ltr'>Lg.</span> <span class='ocrx_word' id='word_1_428' title='bbox 710 4388 754 4439; x_wconf 82' lang='grc'>20.</span> <span class='ocrx_word' id='word_1_429' title='bbox 773 4388 817 4440; x_wconf 84' lang='grc'>39.</span> <span class='ocrx_word' id='word_1_430' title='bbox 837 4389 881 4438; x_wconf 86' lang='grc'>51.</span> <span class='ocrx_word' id='word_1_431' title='bbox 901 4386 952 4440; x_wconf 87' lang='lat' dir='ltr'>Gn.</span> <span class='ocrx_word' id='word_1_432' title='bbox 972 4388 999 4438; x_wconf 87' lang='grc'>2.</span> <span class='ocrx_word' id='word_1_433' title='bbox 1019 4386 1115 4440; x_wconf 84' lang='lat' dir='ltr'>Drcsd.</span> <span class='ocrx_word' id='word_1_434' title='bbox 1136 4388 1168 4439; x_wconf 87' lang='lat' dir='ltr'>ll.</span> <span class='ocrx_word' id='word_1_435' title='bbox 1187 4414 1222 4424; x_wconf 92' lang='lat'>-</span> <span class='ocrx_word' id='word_1_436' title='bbox 1239 4389 1265 4440; x_wconf 94' lang='grc'>9.</span> <span class='ocrx_word' id='word_1_437' title='bbox 1285 4385 1336 4452; x_wconf 83' lang='lat' dir='ltr'>tto]</span> <span class='ocrx_word' id='word_1_438' title='bbox 1357 4394 1411 4438; x_wconf 86' lang='lat' dir='ltr'>tom</span> <span class='ocrx_word' id='word_1_439' title='bbox 1432 4387 1485 4441; x_wconf 86' lang='lat' dir='ltr'>Gu.</span> 
     </span>
     <span class='ocr_line' id='line_1_44' title="bbox 160 4458 1483 4522; baseline -0.004 -6"><span class='ocrx_word' id='word_1_440' title='bbox 160 4464 186 4516; x_wconf 86' lang='lat'>1.</span> <span class='ocrx_word' id='word_1_441' title='bbox 205 4463 233 4515; x_wconf 86' lang='grc'>2.</span> <span class='ocrx_word' id='word_1_442' title='bbox 251 4462 348 4514; x_wconf 86' lang='lat' dir='ltr'>Dresd.</span> <span class='ocrx_word' id='word_1_443' title='bbox 367 4462 401 4512; x_wconf 86' lang='lat' dir='ltr'>ll.</span> <span class='ocrx_word' id='word_1_444' title='bbox 421 4485 454 4497; x_wconf 90' lang='lat'>-</span> <span class='ocrx_word' id='word_1_445' title='bbox 473 4460 516 4510; x_wconf 93' lang='grc'>19.</span> <span class='ocrx_word' id='word_1_446' title='bbox 535 4459 656 4509; x_wconf 78' lang='lat' dir='ltr'>mirabile</span> <span class='ocrx_word' id='word_1_447' title='bbox 674 4467 740 4510; x_wconf 83' lang='grc'><strong>11111</strong></span> <span class='ocrx_word' id='word_1_448' title='bbox 758 4458 817 4510; x_wconf 81' lang='lat' dir='ltr'>Par.</span> <span class='ocrx_word' id='word_1_449' title='bbox 838 4460 874 4519; x_wconf 88' lang='lat' dir='ltr'>B,</span> <span class='ocrx_word' id='word_1_450' title='bbox 892 4459 927 4518; x_wconf 88' lang='lat' dir='ltr'>C,</span> <span class='ocrx_word' id='word_1_451' title='bbox 948 4458 995 4522; x_wconf 76' lang='lat' dir='ltr'>hg.</span> <span class='ocrx_word' id='word_1_452' title='bbox 1015 4473 1122 4519; x_wconf 86' lang='lat' dir='ltr'>omues,</span> <span class='ocrx_word' id='word_1_453' title='bbox 1142 4460 1212 4511; x_wconf 80' lang='lat' dir='ltr'>Veu.</span> <span class='ocrx_word' id='word_1_454' title='bbox 1227 4461 1251 4510; x_wconf 91' lang='lat'>1.</span> <span class='ocrx_word' id='word_1_455' title='bbox 1268 4461 1294 4510; x_wconf 90' lang='grc'>2.</span> <span class='ocrx_word' id='word_1_456' title='bbox 1315 4459 1405 4511; x_wconf 90' lang='lat' dir='ltr'>0ttoh.</span> <span class='ocrx_word' id='word_1_457' title='bbox 1422 4458 1483 4511; x_wconf 79' lang='lat' dir='ltr'>Vnt.</span> 
     </span>
     <span class='ocr_line' id='line_1_45' title="bbox 160 4527 1482 4594; baseline -0.004 -8"><span class='ocrx_word' id='word_1_458' title='bbox 160 4535 212 4586; x_wconf 78' lang='lat' dir='ltr'>tiu.</span> <span class='ocrx_word' id='word_1_459' title='bbox 233 4537 259 4585; x_wconf 87' lang='lat'>1.</span> <span class='ocrx_word' id='word_1_460' title='bbox 279 4536 315 4586; x_wconf 81' lang='lat' dir='ltr'>lla</span> <span class='ocrx_word' id='word_1_461' title='bbox 344 4531 465 4583; x_wconf 82' lang='lat' dir='ltr'>mtrottts</span> <span class='ocrx_word' id='word_1_462' title='bbox 488 4544 541 4581; x_wconf 90' lang='lat' dir='ltr'>om.</span> <span class='ocrx_word' id='word_1_463' title='bbox 564 4536 628 4579; x_wconf 76' lang='lat' dir='ltr'>essct</span> <span class='ocrx_word' id='word_1_464' title='bbox 650 4528 719 4594; x_wconf 92' lang='lat' dir='ltr'>(cum</span> <span class='ocrx_word' id='word_1_465' title='bbox 738 4530 797 4581; x_wconf 86' lang='lat' dir='ltr'>Par.</span> <span class='ocrx_word' id='word_1_466' title='bbox 816 4527 885 4589; x_wconf 77' lang='grc'><strong>11).)</strong></span> <span class='ocrx_word' id='word_1_467' title='bbox 904 4530 934 4579; x_wconf 85' lang='grc' dir='ltr'>Ε.</span> <span class='ocrx_word' id='word_1_468' title='bbox 959 4555 994 4563; x_wconf 95' lang='grc'>-</span> <span class='ocrx_word' id='word_1_469' title='bbox 1021 4531 1065 4580; x_wconf 91' lang='grc'>20.</span> <span class='ocrx_word' id='word_1_470' title='bbox 1085 4530 1211 4580; x_wconf 79' lang='lat' dir='ltr'>delenitor</span> <span class='ocrx_word' id='word_1_471' title='bbox 1229 4531 1287 4582; x_wconf 89' lang='lat' dir='ltr'>lthrt</span> <span class='ocrx_word' id='word_1_472' title='bbox 1307 4532 1421 4593; x_wconf 84' lang='lat' dir='ltr'>rttquot,</span> <span class='ocrx_word' id='word_1_473' title='bbox 1442 4531 1482 4581; x_wconf 69' lang='lat' dir='ltr'>sc</span> 
     </span>
     <span class='ocr_line' id='line_1_46' title="bbox 158 4599 1486 4663; baseline -0.004 -6"><span class='ocrx_word' id='word_1_474' title='bbox 158 4606 285 4657; x_wconf 72' lang='lat' dir='ltr'>delinitor</span> <span class='ocrx_word' id='word_1_475' title='bbox 304 4617 364 4655; x_wconf 88' lang='lat' dir='ltr'>cum</span> <span class='ocrx_word' id='word_1_476' title='bbox 383 4603 439 4653; x_wconf 83' lang='grc'><strong>11111</strong></span> <span class='ocrx_word' id='word_1_477' title='bbox 459 4601 490 4653; x_wconf 83' lang='lat' dir='ltr'>ll.</span> <span class='ocrx_word' id='word_1_478' title='bbox 511 4628 539 4640; x_wconf 91' lang='lat'>-</span> <span class='ocrx_word' id='word_1_479' title='bbox 561 4601 606 4650; x_wconf 89' lang='grc'>21.</span> <span class='ocrx_word' id='word_1_480' title='bbox 624 4600 738 4651; x_wconf 79' lang='lat' dir='ltr'>Messala</span> <span class='ocrx_word' id='word_1_481' title='bbox 754 4601 837 4652; x_wconf 86' lang='lat' dir='ltr'>Codd.</span> <span class='ocrx_word' id='word_1_482' title='bbox 851 4604 915 4662; x_wconf 85' lang='lat' dir='ltr'>ath.</span> <span class='ocrx_word' id='word_1_483' title='bbox 931 4599 1093 4663; x_wconf 80' lang='lat' dir='ltr'>scripturam</span> <span class='ocrx_word' id='word_1_484' title='bbox 1108 4613 1156 4663; x_wconf 89' lang='lat' dir='ltr'>per</span> <span class='ocrx_word' id='word_1_485' title='bbox 1168 4601 1264 4663; x_wconf 80' lang='lat' dir='ltr'>duplex</span> <span class='ocrx_word' id='word_1_486' title='bbox 1282 4601 1291 4650; x_wconf 91' lang='lat' dir='ltr'>l</span> <span class='ocrx_word' id='word_1_487' title='bbox 1309 4602 1376 4659; x_wconf 79' lang='lat' dir='ltr'>(llll)</span> <span class='ocrx_word' id='word_1_488' title='bbox 1388 4600 1486 4662; x_wconf 81' lang='lat' dir='ltr'>prohat</span> 
     </span>
     <span class='ocr_line' id='line_1_47' title="bbox 157 4665 1482 4735; baseline -0.008 -6"><span class='ocrx_word' id='word_1_489' title='bbox 157 4665 279 4729; x_wconf 74' lang='lat' dir='ltr'>Marthae</span> <span class='ocrx_word' id='word_1_490' title='bbox 293 4674 325 4726; x_wconf 79' lang='lat' dir='ltr'>F.</span> <span class='ocrx_word' id='word_1_491' title='bbox 338 4674 371 4723; x_wconf 77' lang='lat' dir='ltr'>A.</span> <span class='ocrx_word' id='word_1_492' title='bbox 392 4687 418 4735; x_wconf 90' lang='lat' dir='ltr'>p.</span> <span class='ocrx_word' id='word_1_493' title='bbox 432 4671 476 4722; x_wconf 89' lang='grc'><strong>28.</strong></span> <span class='ocrx_word' id='word_1_494' title='bbox 496 4697 525 4711; x_wconf 89' lang='lat'>-</span> <span class='ocrx_word' id='word_1_495' title='bbox 557 4672 601 4721; x_wconf 84' lang='grc'>25.</span> <span class='ocrx_word' id='word_1_496' title='bbox 620 4671 740 4720; x_wconf 76' lang='lat' dir='ltr'>nonnihit</span> <span class='ocrx_word' id='word_1_497' title='bbox 757 4672 803 4735; x_wconf 79' lang='lat' dir='ltr'>hg.</span> <span class='ocrx_word' id='word_1_498' title='bbox 824 4673 867 4722; x_wconf 85' lang='lat'>51.</span> <span class='ocrx_word' id='word_1_499' title='bbox 888 4673 943 4722; x_wconf 87' lang='lat' dir='ltr'>Ott.</span> <span class='ocrx_word' id='word_1_500' title='bbox 963 4672 1001 4721; x_wconf 87' lang='lat' dir='ltr'>R:</span> <span class='ocrx_word' id='word_1_501' title='bbox 1029 4672 1095 4722; x_wconf 80' lang='lat' dir='ltr'>ntttl</span> <span class='ocrx_word' id='word_1_502' title='bbox 1114 4686 1173 4723; x_wconf 91' lang='lat' dir='ltr'>cum</span> <span class='ocrx_word' id='word_1_503' title='bbox 1193 4674 1286 4724; x_wconf 87' lang='lat' dir='ltr'>eeterls</span> <span class='ocrx_word' id='word_1_504' title='bbox 1305 4671 1376 4722; x_wconf 83' lang='lat' dir='ltr'>tthrts</span> <span class='ocrx_word' id='word_1_505' title='bbox 1395 4670 1428 4720; x_wconf 83' lang='lat' dir='ltr'>lt.</span> <span class='ocrx_word' id='word_1_506' title='bbox 1451 4697 1482 4710; x_wconf 90' lang='lat'>-</span> 
     </span>
    </p>
   </div>
   <div class='ocr_carea' id='block_1_4' title="bbox 157 4741 1583 4805">
    <p class='ocr_par' dir='ltr' id='par_1_4' title="bbox 157 4741 1583 4805">
     <span class='ocr_line' id='line_1_48' title="bbox 157 4741 1583 4805; baseline -0.006 -6"><span class='ocrx_word' id='word_1_507' title='bbox 157 4747 202 4799; x_wconf 83' lang='grc'>29.</span> <span class='ocrx_word' id='word_1_508' title='bbox 222 4747 269 4798; x_wconf 81' lang='lat' dir='ltr'>Gn·</span> <span class='ocrx_word' id='word_1_509' title='bbox 288 4751 376 4797; x_wconf 82' lang='lat' dir='ltr'>cutem</span> <span class='ocrx_word' id='word_1_510' title='bbox 394 4742 518 4794; x_wconf 75' lang='lat' dir='ltr'>Lentulus</span> <span class='ocrx_word' id='word_1_511' title='bbox 540 4742 673 4794; x_wconf 77' lang='lat' dir='ltr'>Manutlus</span> <span class='ocrx_word' id='word_1_512' title='bbox 692 4755 722 4793; x_wconf 88' lang='grc'>11</span> <span class='ocrx_word' id='word_1_513' title='bbox 746 4744 900 4805; x_wconf 83' lang='lat' dir='ltr'>anthuls</span> <span class='ocrx_word' id='word_1_514' title='bbox 925 4741 1007 4793; x_wconf 79' lang='lat' dir='ltr'>Fastis</span> <span class='ocrx_word' id='word_1_515' title='bbox 1027 4742 1090 4804; x_wconf 80' lang='lat' dir='ltr'>erp.</span> <span class='ocrx_word' id='word_1_516' title='bbox 1111 4757 1136 4794; x_wconf 90' lang='grc'>1.</span> <span class='ocrx_word' id='word_1_517' title='bbox 1156 4759 1183 4795; x_wconf 88' lang='lat' dir='ltr'>u.</span> <span class='ocrx_word' id='word_1_518' title='bbox 1205 4756 1228 4794; x_wconf 88' lang='lat' dir='ltr'>c.</span> <span class='ocrx_word' id='word_1_519' title='bbox 1248 4742 1316 4794; x_wconf 76' lang='lat'>697:</span> <span class='ocrx_word' id='word_1_520' title='bbox 1346 4741 1374 4793; x_wconf 80' lang='lat' dir='ltr'>c.</span> <span class='ocrx_word' id='word_1_521' title='bbox 1393 4746 1487 4792; x_wconf 81' lang='lat' dir='ltr'>antem</span> <span class='ocrx_word' id='word_1_522' title='bbox 1579 4779 1583 4791; x_wconf 83' lang='grc'>.</span> 
     </span>
    </p>
   </div>
   <div class='ocr_carea' id='block_1_5' title="bbox 158 4810 1485 4954">
    <p class='ocr_par' dir='ltr' id='par_1_5' title="bbox 158 4810 1485 4954">
     <span class='ocr_line' id='line_1_49' title="bbox 158 4810 1485 4879; baseline -0.002 -11"><span class='ocrx_word' id='word_1_523' title='bbox 158 4816 285 4870; x_wconf 78' lang='lat' dir='ltr'>Lentulus</span> <span class='ocrx_word' id='word_1_524' title='bbox 303 4816 324 4867; x_wconf 86' lang='lat' dir='ltr'>ll</span> <span class='ocrx_word' id='word_1_525' title='bbox 343 4827 403 4867; x_wconf 88' lang='lat' dir='ltr'>cum</span> <span class='ocrx_word' id='word_1_526' title='bbox 423 4814 495 4864; x_wconf 82' lang='lat' dir='ltr'>lthrta</span> <span class='ocrx_word' id='word_1_527' title='bbox 513 4818 540 4866; x_wconf 89' lang='lat' dir='ltr'>et</span> <span class='ocrx_word' id='word_1_528' title='bbox 557 4814 591 4864; x_wconf 79' lang='lat' dir='ltr'>s.</span> <span class='ocrx_word' id='word_1_529' title='bbox 611 4834 643 4848; x_wconf 91' lang='lat'>-</span> <span class='ocrx_word' id='word_1_530' title='bbox 666 4811 710 4865; x_wconf 78' lang='grc'>39.</span> <span class='ocrx_word' id='word_1_531' title='bbox 730 4812 764 4864; x_wconf 82' lang='lat' dir='ltr'>tta</span> <span class='ocrx_word' id='word_1_532' title='bbox 782 4813 814 4865; x_wconf 81' lang='lat' dir='ltr'>ll·</span> <span class='ocrx_word' id='word_1_533' title='bbox 841 4838 877 4850; x_wconf 92' lang='lat'>-</span> <span class='ocrx_word' id='word_1_534' title='bbox 905 4811 951 4864; x_wconf 82' lang='lat' dir='ltr'>tt.</span> <span class='ocrx_word' id='word_1_535' title='bbox 971 4811 1099 4865; x_wconf 81' lang='lat' dir='ltr'>oudiotatt</span> <span class='ocrx_word' id='word_1_536' title='bbox 1115 4813 1163 4879; x_wconf 70' lang='grc' dir='ltr'><strong>ις.</strong></span> <span class='ocrx_word' id='word_1_537' title='bbox 1183 4819 1288 4877; x_wconf 84' lang='lat' dir='ltr'>praetor</span> <span class='ocrx_word' id='word_1_538' title='bbox 1306 4811 1349 4865; x_wconf 80' lang='lat'>³5.</span> <span class='ocrx_word' id='word_1_539' title='bbox 1371 4810 1440 4865; x_wconf 80' lang='lat' dir='ltr'>Vsu.</span> <span class='ocrx_word' id='word_1_540' title='bbox 1455 4816 1485 4865; x_wconf 89' lang='grc'>1.</span> 
     </span>
     <span class='ocr_line' id='line_1_50' title="bbox 160 4883 649 4954; baseline -0.018 -12"><span class='ocrx_word' id='word_1_541' title='bbox 160 4889 269 4954; x_wconf 71' lang='lat' dir='ltr'>ottob..</span> <span class='ocrx_word' id='word_1_542' title='bbox 287 4888 327 4940; x_wconf 81' lang='lat' dir='ltr'>Ita</span> <span class='ocrx_word' id='word_1_543' title='bbox 346 4886 446 4940; x_wconf 74' lang='lat' dir='ltr'>acutas·</span> <span class='ocrx_word' id='word_1_544' title='bbox 463 4896 523 4937; x_wconf 90' lang='lat' dir='ltr'>cam</span> <span class='ocrx_word' id='word_1_545' title='bbox 541 4884 600 4937; x_wconf 87' lang='grc'><strong>11111</strong></span> <span class='ocrx_word' id='word_1_546' title='bbox 618 4883 649 4936; x_wconf 84' lang='lat' dir='ltr'>lt.</span> 
     </span>
    </p>
   </div>
   <div class='ocr_carea' id='block_1_6' title="bbox 0 0 1620 5392">
    <p class='ocr_par' dir='ltr' id='par_1_6' title="bbox 0 0 1620 5392">
     <span class='ocr_line' id='line_1_51' title="bbox 0 0 1620 5392; baseline 0 1"><span class='ocrx_word' id='word_1_547' title='bbox 0 0 1620 5392; x_wconf 95' lang='lat' dir='ltr'> </span> 
     </span>
    </p>
   </div>
  </div>
 </body>
</html>
