3232 5392
501 136 506 142 ³
624 185 660 250 c.
684 186 812 273 5555.
834 186 886 250 55.
908 184 962 252 55.
1393 191 1456 257 555

131 345 260 438 quidem
281 342 418 409 auditori
438 345 566 429 probari
587 351 702 430 potest.
744 346 782 410 Ut
804 347 888 410 enim
910 367 952 412 ex
972 363 1143 412 5555555555
1169 364 1250 410 5555
1268 344 1303 411 15
1324 344 1456 425 fidibus,

132 463 227 532 quam
248 442 384 506 scienter
404 438 435 504 ei
455 437 536 524 pulsi
557 438 640 515 sint,
663 439 797 524 intelligi
819 442 916 516 solet,
950 442 995 506 sic
1017 462 1058 506 ex
1078 441 1257 505 animorum
1278 448 1367 506 motu
1388 461 1458 508 cer·

130 541 228 612 nitur,
251 535 327 620 qnid
349 531 519 598 tractandis
534 536 582 598 bis
595 533 738 621 perficiat
751 543 872 600 orator.
917 537 991 600 100.
1015 536 1125 621 115555
1139 532 1317 618 intelligens
1331 533 1458 602 1155511

131 631 328 699 existimator
349 646 414 692 nou
434 627 576 694 assidens
599 638 631 694 51
652 639 772 695 5115515
794 629 941 706 audiem,
975 633 1030 695 551
1052 651 1117 696 555
1138 631 1290 715 adspectu
1312 637 1345 695 51
1366 650 1458 717 prae-

130 729 247 794 teriens
268 725 309 788 de
331 732 458 789 oratore
480 746 576 809 saepe
598 723 726 791 iudicat.
772 728 865 794 Videt
891 727 1076 791 oscitantem
1101 723 1256 798 iudicem,
1276 722 1480 811 loquentems

131 841 202 890 cum
217 821 334 894 511555,
359 837 585 904 nonnunquam
607 821 701 886 etiam
724 820 945 895 circulantem,
968 822 1142 885 mittentem
1163 820 1203 884 ad
1224 820 1337 894 boras,
1361 840 1459 904 quae-

129 921 281 988 sitorem,
315 917 350 978 ut
378 911 531 991 dimittat,
554 926 749 1000 negantem:
781 914 929 1000 iutelligit
955 923 1117 981 oratorem
1144 917 1178 981 in
1205 936 1244 981 55
1271 935 1364 981 causa
1393 934 1458 981 non

129 1013 255 1085 adesse,
278 1008 333 1092 qui
354 1010 454 1091 possit
473 1011 586 1074 animis
606 1013 746 1075 iudicum
768 1013 940 1077 admovere
959 1013 1138 1101 ⁴orationem
1160 1019 1320 1097 tamquam
1341 1007 1457 1076 fidibus

130 1125 266 1176 manum.
309 1102 397 1166 Idem
418 1105 445 1167 si
467 1107 659 1189 praeteriens
681 1105 863 1189 adspexerit
887 1113 1024 1181 erectos,
1057 1105 1217 1172 intuentes
1245 1105 1386 1182 iudices,
1421 1111 1458 1170 ut

130 1213 185 1270 551
216 1197 324 1266 155551
354 1198 456 1263 dere
482 1201 579 1284 11555
609 1202 702 1264 etiam
730 1203 819 1266 vultu
846 1198 985 1284 probare
1011 1199 1196 1266 videantur:
1232 1208 1495 1266 551515555555

130 1308 225 1366 cantu
255 1293 381 1377 aliquo,
414 1294 555 1360 51511155
583 1294 699 1361 viderit
727 1294 983 1382 5551155555551
1005 1314 1174 1381 suspensos
1196 1296 1390 1371 1555551551,
1424 1293 1458 1360 11

129 1391 216 1478 5551
237 1386 373 1454 maxime
393 1411 474 1476 opus
496 1400 561 1468 est,
591 1389 822 1466 misericordia,
853 1393 946 1469 odio,
976 1399 1064 1454 motu
1085 1390 1183 1452 animi
1204 1388 1312 1474 aliquo
1334 1396 1459 1474 pertun

128 1486 218 1553 155155
240 1509 310 1554 5555
331 1487 569 1554 vehementius:
605 1508 642 1551 ea
664 1486 690 1551 si
711 1485 920 1571 praeteriens,
944 1491 980 1551 ut
1001 1481 1082 1557 dixi,
1109 1481 1306 1569 adspexerit,
1330 1486 1359 1549 si
1378 1481 1459 1548 nibil

129 1580 303 1659 audiverit,
338 1591 444 1647 155555
473 1588 632 1647 oratorem
665 1583 784 1647 versari
814 1580 848 1646 in
876 1579 931 1646 illo
962 1576 1082 1644 iudicio
1111 1585 1146 1642 51
1174 1597 1255 1665 opus
1282 1577 1457 1646 oratorium

129 1673 199 1742 fieri
221 1685 275 1742 aut
295 1677 470 1764 perlectum
490 1676 555 1741 iam
577 1696 646 1741 5555
667 1675 810 1763 proiecto
832 1675 997 1758 intelliget.
1466 1700 1494 1742 55

213 1774 275 1836 LV.
297 1776 371 1839 101.
410 1772 488 1836 Cum
517 1772 597 1835 baec
624 1770 862 1846 disseruissem,
896 1778 1031 1854 uterque
1060 1785 1206 1832 55555555
1232 1775 1299 1847 551;
1336 1776 1368 1834 51
1396 1789 1456 1856 ego

129 1871 287 1949 umquam
311 1870 351 1933 do
371 1866 495 1950 integro
518 1864 664 1939 ordiens,
698 1867 833 1942 Quando
854 1864 968 1950 igitur,
1002 1861 1147 1948 inquam,
1183 1862 1314 1927 aCotta
1335 1872 1367 1927 51
1388 1862 1459 1929 Sul-

128 1961 213 2045 picio
235 1961 315 2025 haec
336 1963 439 2027 omnis
460 1958 553 2025 tluxit
574 1959 695 2036 oratio,
731 1981 803 2025 cum
825 1961 886 2026 bos
908 1956 1046 2025 maxime
1068 1953 1186 2021 iudicio
1207 1955 1459 2023 illorum-bomi-

129 2074 204 2117 num
232 2064 264 2120 et
291 2055 376 2121 illius
407 2055 517 2120 5515115
549 2053 700 2121 dixissem
729 2057 899 2141 probatos,
937 2059 1079 2119 55555155
1103 2052 1143 2115 51
1168 2070 1224 2117 555
1250 2053 1353 2136 155555;
1392 2058 1457 2116 tum

128 2150 283 2235 reliquos,
307 2157 343 2215 ut
363 2147 504 2225 institui,
537 2151 684 2236 deinceps
705 2141 893 2236 5555555555.ι
938 2149 1096 2225 Quoniam
1118 2165 1194 2231 crgo
1217 2151 1380 2210 oratorum
1401 2142 1459 2210 bo-
1467 2171 1496 2212 55

128 2264 242 2311 norum
265 2243 332 2326 (1555
354 2246 439 2309 enim
463 2243 652 2329 quaerimus)
677 2247 740 2310 duc
764 2264 883 2328 genera
904 2249 995 2317 sunt,
1032 2261 1131 2307 unum
1153 2247 1313 2306 attenuate
1334 2259 1460 2327 presso·

128 2363 207 2429 que,
245 2339 379 2405 alterum
412 2339 533 2404 sublato
562 2340 727 2426 ampleque
757 2338 943 2404 dicentium:
981 2335 1041 2401 etsi
1067 2335 1100 2401 id
1125 2335 1239 2401 melius
1267 2342 1333 2412 est,
1372 2338 1459 2423 quod

128 2434 323 2521 splendidius
345 2443 377 2499 51
398 2432 663 2517 magnificentias,
685 2433 843 2497 15555515
865 2429 957 2496 bonis
979 2428 1104 2505 omnia,
1128 2449 1210 2514 5555
1232 2436 1455 2505 5555555551,

128 2533 198 2596 iure
220 2532 397 2594 laudantur.
443 2531 516 2592 101.
542 2526 605 2592 Sed
627 2529 765 2592 cavenda
786 2535 833 2592 est
854 2544 962 2609 presso
985 2524 1032 2590 illi
1053 2524 1173 2589 oratori
1194 2524 1304 2611 inopia
1326 2533 1359 2589 et
1378 2524 1459 2590 ieiu-

127 2625 229 2700 nitas,
267 2623 372 2710 amplo
393 2632 496 2689 autem
519 2620 659 2689 inflatum
681 2630 713 2686 51
734 2629 919 2708 corruptum
944 2621 1095 2685 orationis
1117 2638 1229 2704 genus.
1273 2620 1458 2684 Inveniebat
1466 2639 1493 2682 55

127 2718 223 2803 igitur
244 2726 335 2782 55515
358 2718 464 2792 Cotta,
487 2713 612 2781 dicebat
631 2736 709 2801 pure
731 2736 769 2781 ac
790 2716 909 2792 solute;
934 2721 966 2780 51
980 2716 1068 2779 ulad
1090 2709 1302 2778 infirmitatem
1323 2711 1456 2777 laterum

127 2814 323 2899 perscienter
344 2811 576 2876 contentionem
595 2829 720 2875 omnem
738 2810 919 2883 remiserat,
942 2810 988 2873 sic
1010 2810 1050 2873 51
1072 2808 1187 2873 virium
1208 2805 1456 2872 imbecillitatem

128 2906 253 2970 dicendi
274 2903 531 2971 accommodabat
553 2926 661 2990 genus.
704 2904 789 2970 Nihil
812 2912 880 2969 5551
900 2904 933 2970 15
957 2901 1026 2968 eius
1047 2901 1191 2966 oratione
1213 2899 1273 2965 nisi
1287 2899 1455 2977 sincerum,

127 2999 205 3065 nibil
226 3001 285 3064 nisi
307 2999 424 3064 siccum
447 3008 541 3085 atque
563 3020 691 3065 sanum:
727 2998 868 3085 illudque
890 2998 1079 3072 maximum,
1105 2997 1209 3081 quod,
1233 3015 1304 3060 cum
1326 3004 1458 3061 couten-

127 3097 213 3160 tione
236 3097 386 3159 orationis
408 3093 536 3160 11551555
559 3095 681 3160 animos
704 3096 843 3160 iudicum
865 3092 919 3161 vix
940 3099 1049 3177 posset
1065 3111 1124 3155 nec
1139 3091 1269 3155 omnino
1284 3109 1324 3155 55
1339 3111 1493 3176 generem

128 3189 264 3263 1155551,
301 3188 463 3256 tractando
491 3200 595 3255 tamen
622 3187 820 3272 impellebat,
856 3199 892 3253 ut
921 3188 1004 3255 idem
1025 3188 1168 3253 15555551
1189 3206 1208 3250 5
1229 3206 1264 3252 55
1285 3188 1453 3264 commoti,

127 3285 213 3369 quod
227 3303 246 3347 a
260 3282 402 3370 Sulpicio
415 3284 573 3350 concitati.
618 3286 690 3348 103.
712 3284 785 3349 Fuit
799 3284 883 3349 euim
899 3281 1054 3369 Sulpicius
1068 3283 1119 3347 551
1141 3280 1280 3347 maxime
1301 3283 1454 3357 omnium,

127 3396 207 3463 quos
229 3378 358 3463 quidem
380 3400 440 3463 ego
463 3377 658 3453 audiverim,
681 3377 809 3463 grandis
832 3386 881 3452 et,
910 3386 945 3443 ut
964 3378 1008 3443 ita
1028 3376 1147 3452 dicam,
1170 3379 1308 3463 tragicam
1331 3386 1451 3442 orator.

127 3475 198 3537 Vox
218 3491 290 3537 cum
313 3492 444 3556 magna,
467 3483 535 3539 tum
557 3471 661 3537 555515
682 3483 714 3537 51
734 3471 915 3555 splendida;
938 3481 1043 3557 gestus
1065 3479 1098 3537 et
1118 3480 1223 3537 motus
1245 3470 1391 3558 corporis
1411 3470 1453 3536 ita

126 3575 292 3642 venustus,
315 3575 350 3632 ut
371 3576 476 3650 1555555
497 3569 537 3631 51
557 3564 679 3640 155555,
701 3588 765 3631 555
786 3566 827 3632 51
848 3587 975 3632 scenam
997 3567 1157 3633 institutas
1171 3564 1353 3644 videretur3
1374 3567 1486 3631 inci-st

126 3668 188 3724 tata
221 3670 254 3724 et
285 3659 451 3737 volubilis,
489 3683 548 3726 nec
581 3681 618 3726 ea
646 3659 827 3726 redundans
859 3671 965 3727 155555
995 3683 1053 3726 555
1086 3658 1305 3727 circumfluens
1334 3663 1450 3727 555115.

128 3755 272 3819 Crassum
294 3754 346 3819 bic
367 3755 495 3822 55151551
516 3755 649 3833 imitari;
684 3759 773 3822 Cotta
795 3754 932 3821 malebat
959 3755 1148 3834 Antonium
1179 3753 1235 3820 sed
1262 3758 1303 3821 ab
1325 3753 1453 3821 1555515

127 3851 236 3913 aberat
256 3850 402 3927 Antonii,
437 3852 539 3917 Crassi
562 3848 601 3914 ab
624 3850 679 3915 illc
700 3849 800 3936 lepos.
845 3854 918 3917 101.
943 3853 970 3916 0
992 3871 1152 3936 magnam,
1184 3850 1302 3936 inquit,
1331 3851 1450 3915 artemi

126 3944 257 4006 Brutus:
282 3941 437 4027 siquidem
459 3944 543 4018 istis,
565 3965 636 4009 cum
660 3948 772 4010 summi
794 3953 899 4009 essent
919 3954 1077 4020 oratores,
1105 3942 1187 4010 1555
1209 3964 1261 4009 555
1283 3947 1450 4020 maximae,

127 4034 223 4101 altera
244 4036 333 4101 alteri
356 4037 463 4105 deluit
506 4040 586 4104 Lvl.
610 4038 758 4123 51155515
773 4037 821 4103 1515
840 4042 1020 4107 oratoribus
1042 4037 1119 4106 illud
1140 4036 1491 4104 animadvertendumtt

128 4140 190 4205 est,
226 4151 319 4216 posse
348 4152 416 4196 essa
445 4153 600 4208 summos,
639 4133 693 4218 qui
715 4133 796 4199 inter
817 4154 852 4198 55
874 4133 937 4200 5151
957 4133 1135 4200 dissimiles.
1180 4132 1262 4200 Nihil
1283 4131 1367 4197 enim
1389 4139 1452 4197 1555

127 4223 276 4290 dissimile
310 4246 403 4311 quam
435 4227 524 4291 Cotta
553 4226 710 4313 Sulpicio,
744 4236 776 4293 51
807 4238 941 4315 uterque
974 4226 1156 4316 aequalibus
1185 4230 1250 4294 suis
1283 4227 1452 4315 plurimum

125 4319 289 4405 praestitit.
333 4322 438 4398 Quare
461 4321 521 4386 boc
542 4323 681 4387 doctoris
702 4322 906 4411 intelligentis
929 4332 993 4400 est,
1016 4324 1142 4400 videre,
1165 4319 1452 4410 55515551551555

126 4434 184 4480 sua
198 4435 374 4501 quemque,
395 4423 478 4480 5155
492 4420 570 4482 duce
586 4423 725 4481 utentem
739 4419 785 4482 sic
799 4417 981 4496 instituere,
1006 4429 1043 4484 ut
1057 4421 1226 4484 Isocratem
1240 4418 1275 4482 iu
1295 4417 1450 4483 acerrimo

199 4643 225 4692 1.
244 4641 375 4708 comeare]
395 4645 500 4694 5551555·
519 4646 631 4697 115555111
651 4657 759 4706 operae.
789 4669 820 4682 -
849 4644 893 4697 lt.
913 4645 1046 4696 5551155511
1064 4657 1123 4696 cum
1142 4644 1215 4695 tlbrts
1233 4645 1343 4696 bamba
1362 4644 1452 4696 cadia-

125 4713 237 4764 5111111.
259 4738 289 4752 -
318 4715 361 4763 31.
379 4718 495 4765 omnium
513 4729 563 4766 om.
584 4715 617 4764 1).
637 4717 684 4779 bg.
698 4715 724 4765 8.
740 4714 784 4767 31.
798 4716 841 4767 et.
861 4715 905 4767 56.
925 4717 969 4768 511.
990 4716 1041 4768 tiu.
1061 4718 1086 4767 t.
1106 4715 1133 4764 1.
1153 4715 1247 4766 breed.
1267 4714 1399 4780 (55511.)
1421 4738 1449 4750 -

126 4783 170 4834 34.
191 4792 248 4834 tum
264 4798 363 4850 magna
382 4785 433 4835 05.
454 4788 480 4835 1.
499 4785 559 4836 Scb.
582 4810 611 4822 -
643 4787 687 4837 31.
707 4785 763 4845 bic,
785 4787 1030 4848 semimutilatam,
1048 4787 1152 4836 5515051
1170 4790 1236 4840 mtto
1254 4787 1410 4841 emblemate
1428 4786 1452 4838 R

126 4853 192 4907 5515.
212 4878 244 4894 ·-·
262 4855 307 4907 11.
325 4855 437 4922 Salptett
453 4855 604 4923 115151515
624 4856 680 4912 1115.
698 4856 758 4910 Fla.
777 4869 805 4921 p.
822 4856 885 4910 113.
903 4882 938 4896 -
955 4854 991 4922 51]
1011 4856 1151 4911 51155551.
