3232 5392
688 217 723 283 C.
747 221 779 283 5.
802 219 834 288 d,
855 221 888 284 7.
1388 218 1452 288 lid

129 395 255 452 aarum,
276 396 358 464 quas
372 375 598 463 intelliguntur.
642 381 695 449 37.
709 380 787 444 Esse
803 398 840 443 ea
855 380 945 455 dico,
969 398 1051 465 quaa
1065 378 1152 447 cerni
1168 377 1292 464 tangive
1304 384 1450 466 possunt,

128 480 164 538 ut
183 469 314 537 [undum
336 476 446 548 aedes,
475 474 626 559 parietem
647 472 854 549 stillicidium,
882 475 1073 556 mancipium
1107 476 1279 561 pecudeo),
1317 473 1452 560 supelle-

129 567 233 631 ctilem
248 585 364 654 penus,
387 575 508 647 cetera;
529 587 593 653 quo
608 587 649 632 ex
671 588 786 653 genere
807 567 961 656 quaedam
983 568 1141 634 interdum
1162 565 1254 635 vobis
1276 567 1452 635 delinienda

128 668 210 732 sunt.
253 664 323 726 Non
346 681 415 726 esse
434 683 546 728 rursus
567 682 606 728 ea
626 661 714 738 dico,
737 683 820 750 quas
841 663 928 749 mugi
948 661 1198 729 demonstrarive
1220 682 1285 728 non
1307 670 1449 749 pausarat,

129 753 216 822 cerni
236 761 340 821 tamen
361 757 465 821 animo
487 765 581 846 atque
602 757 733 844 intelligi
755 769 905 842 possunt,
938 765 975 823 nt
995 757 1023 822 si
1045 758 1288 845 usucapionem,
1322 757 1350 823 si
1371 765 1475 823 tute-s

127 849 210 927 lam,
243 851 433 935 rigentem,
465 851 493 918 si
512 854 711 936 agnationem
732 851 880 930 delinias3
918 872 1052 940 quarum
1077 873 1183 918 rernm
1204 852 1323 919 nullum
1345 849 1455 918 subeat

127 1039 347 1124 intelligentia,
385 1060 478 1127 quam
506 1041 668 1108 notionem
696 1062 787 1109 voco.
831 1046 877 1108 Ea
898 1059 993 1124 saepe
1014 1039 1047 1105 in
1069 1043 1318 1124 argumentando
1342 1037 1453 1106 delini·

128 1134 216 1200 tione
236 1133 424 1217 explicanda
456 1145 515 1201 est.
571 1141 623 1203 28.
661 1142 761 1223 Atque
783 1137 877 1204 etiam
899 1133 1095 1201 definitiones
1116 1137 1196 1202 aliae
1217 1145 1291 1201 sunt
1311 1137 1455 1222 partitio·

128 1251 223 1306 num,
252 1228 333 1294 aliae
355 1230 562 1297 divisionum:
594 1233 819 1314 partitionum,
847 1250 918 1296 eum
940 1249 991 1295 ras
1014 1250 1069 1306 ea,
1093 1251 1173 1317 quae
1195 1230 1359 1316 proposita
1381 1239 1492 1307 est,aa

129 1326 218 1408 qnasi
240 1326 273 1388 in
295 1326 438 1389 membra
460 1327 661 1412 discerpitur;
697 1335 734 1391 nt
755 1328 781 1391 si
803 1328 873 1410 quis
894 1325 944 1390 ius
965 1326 1057 1389 civile
1080 1325 1163 1390 dicat
1183 1328 1216 1391 id
1245 1345 1333 1401 esse,
1365 1323 1454 1410 quod

127 1419 160 1482 in
182 1417 319 1502 legibus,
341 1426 467 1482 senatus
488 1419 655 1494 consultis,
677 1422 773 1486 rebus
794 1421 954 1494 iudicatis,
977 1418 1232 1503 iurisperitorum
1254 1419 1452 1495 auctoritate,

128 1513 238 1578 edictis
259 1513 511 1598 magistratuum,
533 1534 638 1590 more,
660 1514 816 1602 aequitate
839 1515 998 1579 consutat.
1031 1514 1228 1580 Divisionum
1247 1524 1354 1581 antem
1376 1512 1454 1581 deli·

127 1608 207 1673 nitio
236 1605 355 1673 formas
386 1628 495 1672 omncs
528 1609 770 1695 complectitun,
808 1627 891 1693 quae
922 1610 981 1673 sub
1015 1629 1054 1673 eo
1088 1629 1204 1692 genere
1241 1619 1333 1686 sunt,
1367 1606 1454 1697 qnod

127 1701 292 1779 delinitur,
326 1703 389 1768 lroc
410 1701 523 1768 modo:
560 1702 755 1768 Abalienatio
778 1711 827 1768 est
847 1703 915 1767 eins
937 1703 1000 1775 rei,
1034 1721 1114 1787 quae
1144 1700 1277 1788 mancipi
1299 1714 1366 1779 est,
1399 1712 1490 1770 antu

129 1796 259 1864 traditio
290 1796 381 1862 alteri
411 1816 497 1861 nexu
526 1804 580 1863 ant
604 1799 637 1862 in
665 1797 734 1862 iure
764 1796 886 1872 cessio,
923 1797 1007 1860 inter
1026 1816 1106 1882 quos
1128 1817 1166 1862 ea
1187 1799 1257 1862 iure
1280 1797 1363 1864 civili
1384 1797 1453 1864 lieri

126 1901 270 1977 possunt.
312 1893 368 1956 vl.
398 1892 478 1956 Sunt
505 1893 600 1956 etiam
623 1891 684 1956 alia
705 1913 822 1975 genera
843 1888 1078 1966 definitionum,
1111 1892 1168 1957 sed
1196 1891 1237 1956 ad
1258 1893 1353 1957 huius
1380 1891 1453 1958 libri

126 1988 303 2053 institutum
324 1985 377 2050 illa
397 1984 476 2050 nihil
497 1987 672 2070 pertinent;
708 1994 827 2051 tantam
849 1993 897 2050 est
918 1982 1102 2059 dicendum,
1125 1987 1178 2070 qui
1200 1989 1240 2050 sit
1261 1985 1453 2051 delinitionis

127 2080 251 2147 modus.
295 2083 348 2144 29.
372 2079 424 2145 Sic
445 2079 542 2163 igitur
562 2089 686 2145 veteres
707 2079 916 2166 praecipiunt:
938 2101 1010 2145 oum
1028 2081 1201 2166 sumpseris
1216 2100 1269 2157 ea,
1294 2102 1374 2167 quae
1390 2083 1452 2146 sint

128 2177 157 2242 ei
179 2176 247 2252 rei,
280 2195 374 2263 quam
397 2171 530 2239 delinire
552 2171 645 2249 velis,
678 2193 749 2240 cum
774 2176 844 2239 aliis
871 2175 1069 2249 communia,
1102 2193 1203 2260 usque
1224 2196 1263 2239 eo
1284 2172 1492 2260 persequi,at

128 2276 202 2337 dum
228 2271 392 2354 proprium
421 2266 595 2345 efficiatur,
630 2273 714 2354 quod
743 2268 860 2334 nullam
889 2271 922 2334 in
944 2269 1038 2334 aliam
1059 2289 1126 2335 rem
1149 2267 1314 2334 transferri
1337 2267 1448 2352 possit.

127 2369 165 2431 Ut
186 2369 265 2442 hoc,
299 2362 465 2429 Hereditas
493 2370 540 2426 est
564 2365 709 2446 pecnnia.
754 2365 926 2428 Commune
949 2362 1069 2440 adhuc;
1108 2362 1205 2429 multa
1227 2362 1312 2429 enim
1334 2383 1452 2448 genera

125 2460 287 2547 pecuniae.
330 2456 419 2522 adde
442 2460 526 2542 quod
547 2456 706 2543 sequitur:
736 2477 817 2543 quae
839 2465 941 2523 morte
962 2457 1095 2522 alicuius
1116 2455 1157 2522 ad
1177 2461 1357 2544 quempiam
1380 2479 1453 2546 per·

12 2626 16 2634 ¹
127 2555 223 2620 venit.
268 2556 412 2618 Nondum
435 2559 483 2615 est
503 2549 661 2628 deliniti03
696 2550 804 2616 multis
832 2553 916 2616 enim
939 2551 1041 2616 modis
1062 2552 1130 2617 sine
1153 2552 1325 2619 hereditate
1349 2553 1451 2619 teneri

127 2657 325 2716 mortuorum
347 2647 497 2734 pecuniae
519 2652 660 2732 possunt.
706 2647 806 2710 Unum
828 2644 908 2711 adde
935 2644 1086 2712 verbum:
1121 2648 1205 2725 iure;
1239 2647 1301 2712 iam
1324 2668 1342 2713 a
1365 2665 1489 2714 com-ss

127 2745 276 2811 munitate
297 2762 349 2807 res
370 2743 522 2806 disiuncta
542 2741 716 2814 videbitur,
746 2749 781 2804 ut
802 2739 844 2805 sit
864 2742 1018 2826 explicata
1039 2740 1178 2806 delinitio
1200 2742 1261 2808 sio:
1283 2745 1452 2807 Hereditas

128 2846 175 2906 est
195 2836 345 2921 pecnnia,
377 2856 457 2920 quae
478 2844 579 2900 morto
600 2834 732 2900 alicuius
754 2835 793 2900 ad
815 2836 994 2922 quempiam
1014 2837 1160 2922 pervenit
1180 2837 1261 2904 iure.
1304 2836 1452 2903 Nondum

127 2943 174 2999 est
195 2935 285 3010 satis;
320 2934 417 3007 adde,
450 2951 507 2994 nec
536 2950 575 2994 ea
602 2939 656 2995 ant
682 2930 783 3016 legata
807 2939 991 2996 testamento
1014 2939 1068 2996 aut
1089 2933 1288 3016 possessione
1310 2941 1449 3012 retenta3

126 3025 301 3092 conlectum
323 3035 381 3092 est.
427 3027 585 3111 itemque,
618 3024 767 3090 utillud:
805 3025 946 3092 Gentiles
974 3032 1046 3090 sunt
1067 3027 1151 3091 inter
1173 3046 1227 3103 se,
1261 3029 1316 3113 qui
1338 3029 1451 3091 eodem

125 3121 365 3187 nominarunt.
410 3123 479 3185 Non
512 3128 561 3185 est
590 3121 676 3184 satis.
722 3121 784 3198 Qui
812 3119 852 3186 ab
884 3123 1028 3203 ingenuis
1057 3121 1184 3185 oriundi
1213 3131 1297 3186 sunt.
1343 3124 1389 3184 lle
1419 3119 1488 3187 idas

127 3215 254 3301 quidem
282 3218 355 3282 satis
382 3223 440 3280 est.
486 3216 628 3293 Quorum
657 3216 812 3280 maiorum
840 3235 934 3280 nemo
962 3216 1145 3281 servitutem
1173 3215 1312 3281 servivit.
1354 3220 1453 3281 Abest

126 3313 314 3376 etiamnunc.
370 3310 433 3387 Qui
465 3310 567 3394 capito
598 3329 662 3372 uon
694 3319 767 3374 sunt
798 3307 963 3375 deminuti.
1014 3312 1083 3375 Hoc
1116 3309 1248 3375 sortasse
1282 3315 1357 3376 satis
1389 3319 1449 3376 est.

126 3404 210 3470 Nihil
238 3405 322 3470 enim
349 3403 443 3470 video
472 3401 653 3468 Scaevolam
680 3401 859 3489 pontificem
881 3402 921 3468 ad
944 3403 1021 3468 hanc
1043 3402 1256 3469 definitionem
1279 3404 1449 3471 addidisse.

126 3504 228 3586 Atque
250 3503 326 3564 haec
348 3499 427 3563 ratio
450 3499 532 3562 valet
552 3496 586 3562 in
615 3503 749 3582 nunqua
776 3517 893 3580 genere
921 3496 1155 3570 definitionum,
1189 3501 1256 3564 sive
1278 3499 1329 3574 id,
1364 3497 1451 3587 quod

126 3604 190 3669 est,
213 3594 278 3660 sive
293 3594 344 3670 id,
370 3591 454 3680 quod
469 3590 670 3675 intelligitur,
694 3590 904 3656 definiendum
918 3601 976 3657 est.
1022 3597 1073 3658 33.
1095 3595 1303 3659 Partitionnm
1321 3591 1489 3680 [adtendas

127 3696 159 3754 ct
179 3689 369 3754 divisionum
392 3707 489 3773 genus
511 3685 603 3773 quale
625 3695 725 3763 esset,
749 3685 962 3763 ostendimus,
987 3690 1043 3752 sed
1059 3689 1135 3772 quid
1149 3687 1231 3752 inter
1244 3709 1278 3752 se
1293 3687 1449 3765 dill'erant,

126 3785 249 3870 planius
261 3781 426 3848 dicendum
440 3789 496 3847 est
528 3784 564 3846 ln
575 3781 744 3867 partitione
758 3780 847 3881 quasi
862 3784 1003 3847 membra
1018 3790 1109 3859 sunt,
1134 3791 1170 3847 nt
1184 3785 1341 3868 corporis,
1358 3791 1452 3865 caput

125 3878 268 3953 humeri,
292 3897 402 3942 manus
424 3875 537 3951 latera,
567 3895 659 3941 crura
681 3878 777 3960 pedes
799 3883 831 3941 ct
851 3884 972 3954 cetera;
1006 3879 1074 3941 Vll.
1098 3875 1132 3941 in
1154 3876 1308 3943 divisione
1330 3876 1450 3944 iuratae

128 3968 243 4057 [sunt],
277 3990 355 4059 quas
384 3972 495 4036 Graeci
523 3976 590 4050 εἴδη
620 3979 753 4049 vocant;
792 3973 904 4044 nostri,
937 3972 964 4034 si
993 3972 1048 4058 qui
1075 3974 1152 4035 haec
1183 3971 1267 4036 forte
1298 3979 1450 4049 traotmt,

128 4115 284 4123 u———-—
298 4115 423 4122 ——0—
432 4115 582 4121 ---—.—

196 4181 222 4231 ³.
240 4182 314 4232 colis
332 4177 396 4243 (scil.
418 4182 475 4231 lure
495 4176 631 4238 consultis)
650 4191 685 4229 aa
711 4177 788 4229 eolla
805 4180 827 4230 B
846 4192 905 4229 cum
924 4182 1031 4231 asteria.
1061 4203 1093 4216 -
1121 4180 1148 4230 7.
1168 4182 1198 4230 tn
1214 4181 1388 4246 imadlgssstio
1407 4182 1451 4233 vt·

126 4254 243 4304 storius:
263 4252 438 4316 intemperatia
456 4252 477 4301 ll
495 4263 554 4302 oum
575 4250 659 4301 Codd.
681 4254 791 4308 nostris,
819 4251 1263 4316 insutipmtoeu.ltv,1.amo.
1296 4274 1328 4288 -
1358 4251 1384 4301 3.
1411 4255 1451 4303 sat

126 4321 1450 4393 aoouer,ap.1l,numantiam...valen.-17.suamsocos,u,1J,vanas

3 4385 6 4389 ’
126 4399 150 4444 at
168 4393 223 4451 tlt,
244 4395 314 4456 quod
335 4392 454 4444 deleodlt
475 4392 551 4442 lland
571 4393 649 4442 Tura.
668 4392 704 4440 ll.
724 4404 751 4450 p.
769 4393 831 4442 507.
863 4391 916 4441 Sed
936 4404 1082 4454 repugnare
1102 4393 1175 4442 vldes
1194 4398 1307 4451 optimos
1325 4405 1447 4457 quosque

127 4463 211 4514 Codd.
242 4487 271 4500 -
300 4464 344 4513 22.
363 4477 461 4528 genero
478 4462 645 4514 accdiBz
673 4472 773 4524 panaro
790 4469 853 4511 sunt
874 4463 893 4511 ll
913 4475 972 4512 cum
991 4477 1006 4514 e
1023 4463 1136 4525 altisone
1156 4470 1183 4514 st
1202 4463 1268 4514 lidd.
1291 4466 1395 4513 ceteris.
1417 4488 1449 4502 -

125 4535 169 4584 29.
188 4535 258 4583 later
276 4546 321 4593 aa,
340 4536 385 4598 qus·
403 4533 488 4584 abed
500 4534 526 4582 l:
547 4535 593 4599 put
610 4536 679 4582 inter
696 4543 722 4582 se
740 4533 796 4583 eli.
834 4532 948 4583 Alteram
969 4534 1098 4583 tattonem
1117 4535 1195 4584 unice
1214 4541 1312 4584 rectam
1333 4548 1389 4585 essa
1403 4532 1450 4584 ds·

127 4610 255 4655 monstrat
272 4608 421 4655 neccssaria
440 4605 573 4654 dtsttnctto
587 4601 700 4654 Gentiles
718 4611 778 4653 suot
795 4605 918 4659 interae,
938 4605 996 4665 qut,
1018 4616 1076 4653 cum
1097 4608 1122 4653 to
1142 4605 1224 4655 altera
1242 4603 1356 4655 douvres
1374 4611 1446 4658 aaut,

125 4677 170 4740 qut
189 4678 259 4724 tntsr
275 4687 302 4722 as
321 4688 361 4723 vv.
381 4677 451 4724 inter
468 4688 494 4724 se
512 4685 707 4735 supervacanea
725 4676 786 4723 slat.
818 4700 846 4712 -
877 4672 920 4724 35.
940 4681 1029 4722 nutem
1047 4676 1145 4725 detevlt
1163 4675 1275 4730 tamn:
1298 4688 1345 4724 nos
1363 4675 1450 4726 sacla-

126 4751 218 4796 strnus.
238 4768 272 4778 -
296 4742 339 4793 33.
359 4751 444 4797 cetero
464 4757 516 4795 ona.
536 4751 560 4795 et
579 4746 683 4795 osona.
704 4749 767 4794 tres.
803 4745 890 4796 Nostri
909 4751 1015 4795 servant
1032 4752 1067 4795 st.
1093 4769 1121 4779 -
1154 4743 1199 4795 aa.
1219 4752 1281 4794 auat
1300 4758 1353 4796 ora.
1373 4757 1448 4805 sca,

126 4824 188 4866 suot
214 4816 316 4881 [armos
342 4816 361 4866 t.
405 4816 459 4867 Nos
486 4816 649 4868 seclusimus.
678 4837 713 4849 -
737 4811 801 4882 εἴδη
828 4817 987 4875 ascensius,
1019 4820 1050 4867 ut
1075 4814 1181 4868 volabat
1201 4813 1282 4867 sema
1312 4815 1392 4882 ἰδέας
1415 4815 1447 4879 R,

121 4885 257 4939 ΕΙΔΗΑΣ
275 4899 300 4936 a.
