3232 5392
581 246 657 310 LlB.
681 245 735 309 111.
778 245 813 313 C.
837 244 890 310 Sl.
914 246 966 314 35.
1374 247 1436 312 313

112 409 265 474 vicimum
287 405 424 494 ipsarum
445 404 628 471 societatem
643 406 927 492 cognationemque
941 424 1006 470 non
1020 406 1148 468 norant.
1192 406 1338 472 XXXIV.
1366 407 1435 473 137.

115 503 195 578 Sed,
226 509 263 568 ut
283 504 323 567 ad
347 505 483 567 Graecos
505 498 639 566 reseram
662 503 841 566 orationem
869 534 912 548 -
948 500 1063 583 quihus
1084 519 1191 564 carere
1219 503 1281 565 hoc
1309 498 1437 586 quidem

114 601 269 662 sermonis
291 615 408 679 genere
430 616 493 661 non
515 614 702 681 possumus;
724 615 797 659 nam
820 602 855 659 ut
877 593 999 659 virtutis
1022 614 1040 658 a
1062 597 1192 671 nostris,
1215 596 1261 660 sio
1275 594 1437 660 doctrinae

114 700 187 757 sant
207 693 247 756 ab
269 691 330 757 illis
352 689 496 777 exempla
516 691 759 776 repetenda-3
783 696 904 775 septem
926 686 1023 754 fuisse
1038 688 1186 755 dicuutur
1200 711 1264 755 uno
1279 697 1435 777 tempore,

115 784 168 874 qui
190 786 346 871 sapientes
368 790 401 848 et
421 782 612 848 haberentur
634 790 666 847 et
686 793 884 850 vocarentur.
936 784 977 848 lli
999 804 1110 849 omncs
1130 793 1261 870 praeter
1281 785 1459 853 hlilesinmt

114 877 232 945 Thalen
248 877 425 944 civitatibus
440 879 504 942 suis
518 879 733 963 praefuerunt.
779 878 856 956 Quis
879 879 1003 945 doctior
1024 878 1143 945 eisdem
1165 879 1226 945 illis
1242 881 1438 968 temporibus

115 979 169 1038 ant
196 975 285 1039 cuius
312 976 493 1060 eloquentia
522 971 634 1037 litteris
663 973 844 1039 instructior
871 975 967 1039 fuisse
989 973 1123 1039 traditur
1144 995 1238 1061 quam
1261 975 1438 1041 Pisistrati?

115 1066 168 1155 qni
188 1069 308 1154 primm
330 1070 462 1134 Homeri
484 1065 583 1132 libros
605 1065 753 1133 contusos
774 1077 865 1132 antea
887 1069 932 1134 sic
947 1069 1138 1152 disposuisse
1153 1069 1284 1146 dicitur,
1307 1081 1342 1136 ut
1356 1092 1438 1138 nnnc

115 1165 279 1229 habemus.
325 1166 395 1228 Non
428 1161 488 1228 luit
515 1161 567 1226 ille
595 1161 721 1247 quidem
750 1160 869 1237 ciyibus
898 1163 962 1228 suis
983 1164 1092 1239 utilis,
1116 1163 1170 1229 sed
1192 1165 1236 1230 ita
1258 1165 1438 1253 eloquentia

114 1257 242 1333 floruit,
266 1266 300 1323 nt
321 1255 434 1322 litteris
456 1259 659 1342 doctrinaque
680 1266 866 1344 praestaret.
910 1257 982 1321 138.
1008 1257 1091 1334 Quid
1107 1259 1264 1324 Pericles?
1287 1262 1326 1326 de
1348 1261 1478 1332 cuiusro

115 1349 239 1417 dicendi
260 1353 291 1415 vi
313 1352 358 1416 sic
380 1353 576 1436 accepimus,
605 1361 658 1428 ut,
688 1373 758 1418 cum
781 1362 890 1418 contra
910 1354 1104 1417 voluntatem
1125 1352 1359 1418 Atheniensium
1390 1353 1438 1419 lo-

115 1454 264 1533 queretur
284 1466 343 1532 pro
366 1445 466 1511 salute
487 1446 606 1532 patriae
628 1448 786 1521 severius,
815 1455 920 1512 tamen
942 1443 974 1510 id
997 1447 1119 1531 ipsum,
1149 1449 1234 1532 quod
1256 1447 1307 1512 ille
1330 1459 1439 1515 contra

114 1539 283 1627 populares
304 1539 448 1606 homines
470 1540 607 1616 diceret,
640 1542 794 1627 populare
822 1540 969 1606 omnibns
998 1548 1030 1604 et
1059 1542 1230 1603 iucundum
1251 1540 1437 1623 videretur3

115 1637 203 1700 cuius
225 1640 257 1701 in
278 1632 375 1701 labris
396 1644 519 1701 veteres
542 1635 680 1710 Comici,
703 1634 798 1700 etiam
819 1653 890 1699 cum
911 1634 957 1700 illi
979 1633 1061 1699 male
1083 1636 1240 1708 dicerent,
1264 1641 1347 1722 quod
1370 1648 1437 1703 tum

115 1728 244 1794 Athenis
272 1727 341 1794 heri
368 1727 498 1804 licebat,
528 1729 668 1817 leporem
696 1727 852 1794 habitasse
882 1727 1028 1795 dixerunt
1055 1735 1232 1816 tantamque
1254 1731 1288 1793 in
1311 1752 1351 1797 eo
1372 1734 1476 1803 vimis

114 1822 228 1900 fuisse,
262 1834 298 1889 ut
324 1823 358 1889 in
385 1842 496 1889 eornm
523 1821 697 1898 mentibus,
731 1825 785 1907 qui
814 1821 990 1899 audissent,
1027 1821 1115 1908 quasi
1137 1822 1264 1889 aculeos
1286 1823 1439 1910 quosdam

117 1917 320 2005 relinqueret.
365 1923 404 1985 At
425 1920 510 1984 huuc
529 1939 595 1982 non
618 1919 811 1983 declamator
832 1920 945 2005 aliquis
966 1916 1006 1983 ad
1027 1917 1220 2004 clepsydram
1242 1919 1355 1983 latrare
1384 1923 1441 1985 do-

115 2022 238 2089 cuerat,
261 2018 332 2087 sed,
356 2021 405 2089 ut,
436 2012 631 2096 accepimns,
664 2011 882 2079 Clazomenius
903 2013 957 2077 illa
979 2014 1198 2096 Anaxagoras,
1230 2013 1279 2076 vir
1300 2032 1441 2080 summus

115 2112 148 2175 in
169 2112 375 2175 maximarum
398 2127 504 2172 rerum
526 2106 666 2171 scientia.
712 2110 821 2192 ltaque
844 2109 894 2172 hic
909 2107 1067 2184 doctmna,
1090 2108 1237 2183 consilio,
1261 2107 1441 2194 eloquentia

115 2205 272 2270 excellens
295 2201 498 2288 quadraginta
520 2221 618 2266 annos
639 2198 775 2285 praefuit
795 2200 925 2267 Athenis
946 2209 978 2266 et
998 2200 1129 2267 urbanis
1155 2205 1267 2268 eo'dcm
1296 2210 1478 2287 temporem

116 2308 149 2363 et
168 2296 291 2364 bellicis
311 2299 420 2362 rebus.
468 2298 538 2360 139.
564 2294 647 2373 Qua
671 2296 808 2361 Critias?
841 2297 915 2380 quid
937 2295 1143 2361 Alcibiades?
1173 2295 1353 2363 civitatibus
1375 2296 1441 2363 suis

116 2393 242 2476 quidem
269 2411 334 2456 non
363 2389 456 2465 honi,
490 2387 545 2455 sed
573 2397 658 2454 certe
687 2389 772 2454 docti
794 2397 887 2476 atque
910 2391 1110 2476 eloquentes,
1146 2409 1250 2455 uonna
1273 2393 1441 2457 Socraticis

116 2494 205 2551 erant
227 2482 490 2571 disputationibus
512 2481 648 2548 eruditii
688 2483 766 2561 Quis
787 2483 921 2548 Dionem
944 2485 1145 2568 Syracosium
1166 2484 1318 2550 doctrinis
1340 2487 1441 2550 omni·

116 2584 174 2646 bns
191 2578 364 2666 expolivit?
385 2599 449 2644 non
464 2577 573 2643 Platoi
596 2586 690 2665 atque
712 2575 890 2642 cumidem
911 2575 965 2641 ille
987 2597 1051 2641 non
1072 2579 1198 2662 linguae
1213 2577 1314 2643 solum
1328 2600 1439 2645 verum

116 2679 211 2743 ctiam
226 2676 323 2742 animi
344 2696 380 2740 ac
395 2675 520 2740 virtutis
541 2675 691 2757 magister
705 2674 744 2736 ad
759 2669 953 2736 liberandam
968 2675 1103 2754 patriam
1116 2669 1256 2757 impulit,
1279 2672 1438 2750 instruxit,
1449 2700 1477 2742 rs

116 2774 258 2838 armavit.
301 2769 418 2836 Aliisne
439 2767 536 2854 igitur
557 2766 676 2832 artibus
697 2765 780 2830 hunc
794 2767 926 2830 Dionem
947 2763 1081 2830 instituit
1103 2763 1207 2836 Plato,
1230 2765 1299 2829 aliis
1320 2768 1441 2832 Isocra-

115 2874 162 2931 tes
185 2865 393 2932 elarissimum
413 2864 517 2927 virum
539 2859 751 2935 Timotheum,
775 2860 926 2935 Cononis,
949 2859 1438 2945 praestantissimiimperatoris,

115 2957 229 3036 lilium,
253 2977 409 3025 summum
430 2955 534 3044 ipsum
554 2955 777 3042 imperatorem
799 2951 1021 3038 hominemque
1040 2954 1276 3018 doctissimum?
1299 2961 1353 3018 ant
1371 2952 1440 3020 aliis

115 3054 331 3140 Pythagoreus
351 3050 405 3118 ille
426 3048 516 3136 Lysis
537 3052 722 3114 Thebanum
744 3046 1010 3134 Epaminondam,
1033 3049 1118 3114 haud
1141 3049 1206 3113 scio
1229 3069 1270 3113 an
1284 3068 1441 3114 summum

116 3149 220 3213 virum
240 3167 337 3212 unum
359 3147 461 3211 omnis
484 3145 656 3211 Graeciae?
690 3150 743 3208 aut
763 3144 945 3229 Xenophon
966 3142 1171 3227 Agesilaum?
1206 3151 1261 3208 aut
1281 3142 1478 3214 Philolausm

117 3243 284 3330 Archytam
305 3238 528 3306 Tarentinum?
564 3247 618 3304 aut
638 3240 705 3324 ipse
727 3239 919 3326 Pythagoras
940 3244 1039 3302 totam
1061 3237 1147 3303 illam
1169 3245 1311 3303 veterem
1333 3239 1442 3304 Italiae

119 3337 298 3410 Graeciam,
333 3355 414 3421 quae
441 3334 598 3420 quondam
626 3352 739 3417 magna
768 3335 905 3398 vocitata
931 3336 999 3397 esti
1034 3333 1166 3399 XXXV.
1192 3333 1263 3397 tio.
1285 3331 1442 3419 Equidem

118 3451 182 3497 non
211 3433 357 3497 arbitror.
403 3430 454 3496 Sic
481 3429 563 3494 enim
592 3431 684 3493 video
716 3446 811 3492 unam
846 3430 1003 3512 quandam
1033 3428 1173 3491 omnium
1199 3444 1322 3503 rerum,
1359 3447 1441 3516 quae

119 3533 223 3591 esseut
243 3524 373 3591 homine
394 3520 519 3589 erudito
541 3523 654 3607 dignae
675 3528 768 3605 atque
791 3541 849 3599 eo,
881 3519 935 3608 qni
956 3520 990 3586 in
1011 3519 1196 3604 republica
1218 3520 1315 3588 vellet
1335 3525 1442 3589 excel-

118 3620 200 3696 lere,
232 3616 330 3684 luisse
359 3616 548 3696 doctrinam3
587 3636 679 3704 quam
710 3617 764 3700 qui
792 3617 1004 3701 accepissent,
1039 3617 1067 3681 si
1101 3617 1205 3682 eidem
1244 3617 1372 3702 ingenio
1401 3620 1479 3693 adm

117 3713 381 3795 pronuntiandam
414 3712 586 3787 valuissent
612 3719 644 3777 et
671 3729 706 3776 se
732 3712 772 3775 ad
802 3709 968 3776 dicendum
1001 3729 1129 3798 quoque
1156 3731 1222 3777 non
1247 3720 1442 3798 repugnante

118 3812 229 3871 natura
250 3804 423 3883 dedissent,
455 3807 633 3893 eloquentia
652 3804 855 3892 praestitisse.
899 3806 971 3872 tlt.
1007 3807 1117 3891 ltaque
1143 3805 1213 3889 ipse
1237 3807 1441 3883 Aristoteles,

119 3921 191 3966 cum
211 3903 327 3967 llorere
348 3903 519 3968 Isocratem
540 3900 702 3967 nobilitato
723 3897 949 3983 discipulorum
978 3899 1122 3978 rideret,
1160 3898 1246 3985 quod
1273 3902 1341 3987 ipse
1369 3921 1441 3967 suas

189 4141 215 4192 1.
235 4141 471 4206 cogitationemque
487 4139 520 4189 Β.
542 4165 571 4177 -
597 4138 624 4189 3.
643 4138 691 4191 iac
707 4138 753 4190 AB
771 4139 890 4204 siliquas
908 4138 939 4190 in
954 4139 1003 4191 ioc
1019 4136 1078 4190 llll.
1099 4163 1129 4176 -
1160 4134 1187 4188 3.
1205 4138 1317 4189 calates
1332 4135 1388 4190 aa.
1406 4161 1443 4178 -·

119 4206 168 4275 sic]
186 4212 210 4261 si
227 4212 259 4262 Β.
280 4237 310 4249 -
329 4211 357 4262 i.
376 4210 494 4274 coempto
512 4224 565 4263 om.
584 4208 641 4260 All.
663 4235 691 4248 -
709 4210 825 4274 parando
842 4209 897 4260 All.
918 4235 947 4247 -
968 4209 995 4261 i.
1017 4208 1123 4261 riclam
1142 4221 1156 4261 a
1176 4206 1259 4259 Cadd.
1281 4207 1345 4274 aliq.
1363 4208 1443 4261 Τ.-

121 4281 217 4332 risdrm
234 4280 319 4336 codd.
338 4283 389 4333 als
409 4283 499 4334 duem
520 4281 576 4346 (AB
585 4278 609 4344 t)
626 4279 682 4332 ΒΒ.
703 4305 731 4318 -
753 4279 913 4346 temporibus
930 4279 985 4331 iilis
1002 4278 1035 4331 A.
1055 4304 1089 4317 -
1106 4279 1133 4330 7.
1153 4278 1272 4329 maduur
1288 4291 1340 4329 om.
1359 4279 1392 4330 Α.
1410 4303 1440 4316 -

120 4350 148 4404 3.
167 4353 208 4404 lta
225 4367 278 4405 om.
291 4351 347 4403 All.
361 4379 394 4390 -
413 4355 455 4403 11.
477 4350 584 4403 mmai
599 4352 628 4400 oi
644 4350 708 4415 Lag.
727 4350 754 4402 3.
773 4351 818 4402 13.
836 4350 901 4403 She
919 4350 1025 4401 dicmmi
1042 4351 1178 4400 dumtaxat
1195 4348 1260 4409 AB,
1279 4349 1381 4401 mundi
1396 4364 1443 4402 ra·

121 4425 192 4474 tiara
210 4424 275 4477 Cod.
296 4424 360 4487 ch.
380 4421 480 4484 7703..
507 4422 612 4475 dicandi
629 4423 706 4484 copta
722 4419 779 4472 nti.
799 4419 974 4478 (Vocabulum
992 4420 1065 4484 qnod
1084 4419 1182 4470 crcldtt
1199 4419 1272 4470 varta
1290 4421 1442 4483 suppletum

121 4495 184 4555 est.)
202 4520 235 4531 -
264 4507 322 4545 cum
341 4507 393 4546 om.
411 4493 468 4544 All·
489 4519 518 4532 -
547 4491 591 4543 13.
612 4491 714 4542 doceret
731 4490 787 4541 ΑΒ.
807 4515 838 4529 -
871 4490 914 4541 ti.
934 4491 1007 4542 libris
1025 4492 1058 4541 A.
1077 4514 1112 4524 -
1142 4488 1185 4540 15.
1205 4489 1235 4537 ia
1253 4489 1341 4540 codam
1357 4491 1389 4541 Β.
1408 4512 1444 4528 -

121 4564 166 4615 17.
184 4565 347 4616 declamator
363 4563 408 4614 AB
426 4565 543 4627 altique:
562 4562 692 4614 clamator
709 4561 766 4612 ult.
785 4587 819 4598 -
836 4561 881 4612 31).
899 4562 977 4611 amala
995 4560 1017 4610 Β
1035 4561 1146 4622 atttqas.
1166 4563 1229 4615 tuan
1248 4557 1318 4619 ΑΒ.)
1336 4585 1368 4597 -
1395 4560 1440 4611 31.

121 4635 225 4699 quidam
236 4637 289 4686 ruis
300 4635 345 4685 AB
364 4635 480 4698 altique:
499 4635 554 4683 ruis
566 4633 670 4697 quidem
682 4632 739 4682 illi.
759 4655 790 4669 -
808 4629 853 4682 33.
873 4629 1042 4695 Syracosium
1055 4630 1139 4682 codd.
1159 4629 1211 4680 alr
1232 4624 1366 4696 (idemque
1379 4629 1443 4683 latai

122 4709 148 4756 ln
167 4704 328 4771 Sgracorum
345 4705 403 4763 B.):
422 4704 593 4770 syracusiam
610 4703 666 4754 itti.
687 4725 719 4741 -
737 4699 782 4752 33.
800 4699 895 4766 husim
912 4701 1003 4762 Alata.
1024 4724 1056 4737 -
1078 4713 1114 4751 aa
1132 4706 1193 4752 tuma
1210 4713 1337 4751 summum
1355 4701 1388 4753 R·
1408 4724 1442 4737 -

122 4777 165 4828 30.
184 4775 308 4839 Xcmapho
325 4775 357 4825 Β.
378 4803 405 4815 -
427 4775 562 4826 Philolaus
578 4773 720 4839 Archytam
738 4772 913 4825 Tarracinam
929 4772 951 4822 Β
968 4771 1085 4837 altique,
1104 4771 1146 4823 lte
1178 4770 1329 4822 Philolaum
1344 4770 1443 4837 Arcip-

122 4853 165 4897 tas
184 4847 344 4898 Tarentinus
362 4843 397 4909 (A
406 4845 429 4911 t)
449 4847 480 4897 lt.
499 4870 532 4882 -
559 4843 602 4897 31.
622 4840 716 4909 totam]
736 4847 841 4895 tautam
857 4841 888 4893 Β.
910 4868 939 4880 -
971 4843 1015 4894 33.
1036 4839 1164 4893 &aedas
1180 4840 1215 4892 A.
1235 4865 1267 4878 -
1299 4840 1343 4895 35.
1361 4843 1444 4896 Μαι

121 4917 163 4969 lic
181 4919 261 4971 iidem
279 4916 344 4982 (At)
361 4916 419 4973 ilii.
440 4942 470 4957 -
489 4915 533 4970 33.
551 4915 601 4970 Vr.
618 4914 689 4982 qaod
704 4917 760 4979 ipsc
776 4937 789 4954 ·
804 4937 817 4954 ·
834 4912 1012 4967 mamimus
1028 4912 1135 4967 ssclmtt
1153 4910 1267 4966 menda.
