3232 5392
184 268 226 334 dd
687 267 741 331 AD
768 265 1005 334 HERENNthl

182 427 355 496 coniicitur.
398 424 618 494 Attenuatione
640 432 693 491 aut
714 424 932 512 complexione
954 426 1096 493 eiusdem
1119 425 1241 493 litterae
1263 432 1327 495 sic:
1360 428 1436 506 Hic,
1458 432 1512 520 qui

182 545 216 590 ee
245 521 407 608 magnilica
435 521 528 586 iactat
558 530 651 605 atque
681 529 834 594 ostentat,
868 521 966 586 veniit
995 521 1018 602 †
1045 529 1116 586 ate
1138 529 1225 597 ante,
1259 544 1352 610 quam
1379 528 1509 592 Romam

182 618 277 683 venit.
322 622 369 682 Ex
385 614 544 682 contrario
566 613 632 679 sic:
656 614 732 689 Hic,
755 633 835 700 quos
849 615 992 681 homines
1013 613 1080 679 alea
1103 614 1198 691 vicit,
1222 637 1277 683 eos
1297 616 1386 684 lerro
1408 620 1510 693 statim

182 712 286 778 vincit.
339 707 548 776 Productione
577 706 716 773 eiusdem
745 708 867 773 litterae
897 713 957 773 hoc
989 707 1100 774 modo:
1130 710 1224 775 Hunc
1244 711 1348 777 avium
1377 710 1509 780 dulcedo

159 804 267 871 tducit
287 805 325 871 ad
348 804 465 869 avium.
510 801 667 868 Brevitate
691 801 831 868 eiusdem
853 802 974 867 litterae
994 806 1056 868 hoc
1070 802 1180 871 modo:
1203 805 1262 870 Hic
1285 808 1406 874 menetai
1424 806 1511 873 vide-

181 909 233 966 tur
260 921 329 966 esse
358 897 487 964 honoris
515 895 666 983 cupidus,
701 905 805 962 tamen
836 917 899 962 non
930 905 1047 964 tantum
1075 897 1194 963 curiam
1225 897 1326 983 diligit
1359 909 1508 989 quantum

182 995 320 1060 Curiam.
365 990 522 1058 Addendis
544 992 655 1058 littoris
676 996 738 1057 huc
758 1000 872 1078 pacto:
907 993 967 1058 Hic
988 989 1049 1055 sihi
1079 1001 1186 1077 posset
1214 997 1411 1079 temperare,
1446 994 1507 1061 nisi

180 1189 336 1268 tamquam
358 1180 488 1255 leones,
512 1179 593 1244 vitae
615 1201 649 1245 se
672 1180 857 1250 tradidisset
900 1178 1137 1246 Transierendis
1158 1179 1270 1245 litteris
1291 1181 1358 1247 sic:
1382 1183 1504 1261 Videte,

66 1264 71 1275 ¹
142 1292 169 1331 1⁰
181 1276 319 1352 iudices,
353 1287 458 1341 utrum
480 1273 599 1338 homini
622 1295 702 1340 navo
724 1297 763 1340 au
784 1296 865 1339 vano
888 1280 1018 1341 credere
1039 1272 1163 1340 malitis.
1205 1277 1300 1340 ltem:
1334 1276 1414 1342 Nolo
1438 1297 1506 1344 esse

178 1370 335 1445 laudator,
359 1391 398 1435 ne
422 1366 530 1435 videar
543 1367 695 1433 adulator.
741 1367 974 1435 commutandis
991 1372 1051 1434 boc
1065 1364 1179 1433 modo:
1203 1368 1350 1452 Deligere
1365 1380 1502 1455 oportet,

179 1486 272 1552 quem
294 1464 372 1530 velis
394 1463 536 1546 diligere.
582 1463 651 1526 Hae
669 1471 741 1526 sunt
755 1462 1041 1539 annominationes,
1066 1461 1200 1549 quaein
1222 1461 1400 1528 litterarum
1415 1462 1506 1530 brevi

178 1558 420 1626 commutatione
451 1565 505 1620 aut
536 1554 743 1641 productione
774 1566 828 1622 aut
862 1557 1082 1623 transiectione
1110 1565 1164 1622 aut
1191 1556 1296 1644 aliquo
1326 1556 1507 1626 huiusmodi

179 1673 295 1740 genere
317 1659 492 1718 versantur.
537 1652 640 1719 xx11.
663 1653 715 1714 30.
741 1653 819 1715 Sunt
840 1663 943 1716 autem
965 1650 1061 1725 aliae,
1097 1671 1177 1737 quae
1204 1672 1268 1717 non
1297 1649 1414 1716 habent
1443 1657 1510 1720 tam'

140 1752 385 1835 sspropinquam
409 1749 441 1812 iu
462 1742 568 1810 verbis
590 1741 825 1809 similitudinem
848 1754 880 1810 et
899 1754 1002 1810 tamen
1020 1744 1187 1812 dissimiles
1202 1766 1265 1811 non
1280 1755 1369 1826 sunt;
1394 1745 1505 1833 quihus

178 1842 217 1908 de
239 1841 408 1927 generibus
429 1860 526 1905 uuum
543 1846 590 1903 est
604 1836 800 1904 huiusmodi:
839 1841 901 1916 Qut
926 1840 1067 1915 veniam,
1090 1839 1145 1925 qui
1160 1839 1235 1920 sim,
1258 1861 1356 1927 quare
1370 1840 1503 1916 veniam,

178 1957 270 2024 quem
292 1934 490 2011 insimulem,
514 1933 564 1998 cui
586 1932 722 2020 prosim,
747 1954 841 2020 quem
864 1934 1039 2019 postulem,
1063 1932 1153 2000 brevi
1175 1936 1383 2019 cognoscetis.
1429 1940 1505 2003 Nam

177 2029 227 2095 hic
260 2038 308 2096 est
338 2029 370 2094 in
403 2029 589 2116 quibusdam
617 2024 723 2092 verbis
756 2025 910 2115 quaedam
941 2026 1113 2094 similitudo
1141 2049 1206 2094 non
1236 2038 1299 2094 hm
1329 2029 1503 2095 affectanda

177 2145 271 2208 quam
301 2123 372 2189 illae
403 2122 600 2206 superiores,
639 2125 693 2186 scd
726 2128 830 2186 tamen
859 2118 1035 2187 adhihenda
1070 2142 1305 2209 nonnunquam.
1363 2124 1504 2191 Alteram

140 2239 274 2304 teganus
295 2217 489 2284 huiusmodi:
513 2221 628 2282 Demus
650 2235 797 2300 operam,
822 2214 979 2293 Quirites,
1003 2237 1045 2282 ne
1069 2216 1198 2283 omnino
1212 2227 1319 2304 patres
1334 2220 1505 2306 conscripti

176 2313 402 2398 circumscripti
429 2320 589 2398 putentur.
634 2312 721 2375 llaec
747 2309 959 2374 annominatio
987 2309 1087 2395 magis
1115 2310 1234 2377 accedit
1266 2316 1305 2378 ad
1328 2313 1505 2382 similitudi·

176 2431 247 2474 nem
270 2429 362 2496 quam
385 2404 551 2490 superior,
581 2407 636 2469 sed
658 2404 760 2470 minus
783 2425 877 2489 quam
898 2402 969 2468 illae
992 2405 1189 2490 superiores,
1223 2415 1395 2493 propterea
1418 2406 1503 2496 quod

175 2524 239 2568 non
273 2503 374 2568 solum
404 2499 544 2572 additae,
580 2497 635 2563 sed
667 2519 731 2564 uno
762 2507 904 2584 tempore
930 2495 1074 2585 demptae
1105 2520 1231 2587 quoque
1258 2501 1380 2569 litterae
1415 2508 1499 2568 sunt.

176 2597 315 2662 Tertium
337 2615 436 2682 genus
457 2601 522 2667 est,
560 2589 644 2679 quud
673 2600 815 2658 versatur
842 2596 875 2657 in
900 2613 1029 2658 casuum
1056 2599 1301 2661 commutatione
1329 2606 1383 2662 aut
1411 2598 1502 2664 unius

139 2700 230 2756 ssnut
251 2691 387 2775 plurium
409 2686 581 2754 nominum.
628 2690 679 2751 31.
704 2687 799 2753 Unius
820 2686 954 2753 nominis
969 2690 1029 2753 hoc
1043 2688 1154 2753 moda:
1179 2688 1358 2756 Alexander
1372 2691 1502 2759 Macedo

176 2806 298 2851 summo
326 2783 435 2851 labore
462 2782 600 2848 animum
629 2781 669 2847 ad
696 2781 843 2847 virtutem
865 2802 882 2846 a
905 2781 1039 2868 pueritia
1066 2784 1285 2850 conformavit.
1331 2786 1502 2852 Alexandri

175 2880 306 2944 virtutes
327 2900 386 2963 per
407 2876 517 2943 orbern
540 2887 643 2943 terrae
664 2895 735 2941 cum
757 2875 848 2940 laude
863 2883 895 2940 et
909 2875 1010 2960 gloria
1024 2886 1107 2942 sunt.
1151 2878 1362 2945 Alexandrum
1377 2902 1499 2958 omnes,

175 2983 210 3038 ut
231 2977 366 3038 maxime
388 2980 589 3047 metuerunt,
624 2971 699 3035 item
731 2966 901 3052 plurimum
931 2969 1118 3037 dilexerunt.
1173 2973 1352 3040 Alexandro
1383 2974 1411 3041 si
1437 2975 1503 3041 rita

175 3067 245 3134 data
276 3068 401 3152 longior
432 3074 527 3139 esset,
562 3067 721 3130 Oceanum
753 3084 863 3128 manus
894 3065 1101 3132 Macedonum
1131 3069 1362 3135 transvolasset.
1405 3068 1500 3137 Varie

75 3235 76 3239 Ἰ
137 3161 225 3226 sohic
246 3181 342 3227 nuum
365 3181 479 3225 nomeu
501 3158 533 3224 iu
554 3155 799 3223 commutatione
820 3177 947 3222 casuum
970 3159 1144 3227 volutatum
1161 3169 1218 3227 est.
1263 3163 1356 3228 Plura
1372 3163 1500 3229 nomina

174 3254 296 3320 casibus
322 3254 517 3320 commutatis
547 3257 608 3319 boc
637 3251 731 3317 modo
761 3250 873 3316 sacient
899 3256 1205 3321 annominntinnem:
1244 3256 1290 3322 Ti.
1325 3257 1500 3323 Gracchum

64 3419 71 3429 ‚
173 3369 241 3415 rem
269 3347 425 3432 publicam
447 3347 710 3414 administrantem
732 3344 893 3434 prohibuit
917 3346 1046 3434 indigna
1074 3372 1137 3416 nex
1165 3349 1280 3418 diutius
1301 3351 1335 3418 in
1356 3374 1394 3418 ea
1415 3372 1501 3418 com·

173 3443 302 3509 morari.
348 3447 379 3511 C.
403 3442 543 3510 Graccho
565 3441 706 3508 similiter
727 3440 844 3506 occisio
869 3450 915 3508 est
930 3442 1054 3519 oblata,
1077 3465 1158 3530 quae
1174 3445 1276 3510 virum
1291 3445 1338 3512 rei
1353 3446 1498 3533 publicae

173 3531 542 3610 amantissimumsubito
564 3540 604 3602 de
626 3535 696 3603 sinu
711 3535 843 3602 civitatis
857 3536 997 3624 eripuit(
1030 3542 1248 3618 Saturninum,
1270 3538 1332 3606 lide
1358 3549 1495 3626 captum,

242 3797 268 3846 2.
288 3790 359 3859 ate]
381 3793 438 3845 ttbrt
458 3795 498 3847 ret
517 3795 612 3847 steret
631 3796 666 3845 ott
684 3800 717 3843 te.
755 3792 873 3844 Detende
901 3794 1024 3846 rtdentur
1048 3807 1089 3844 rr.
1110 3807 1128 3844 a
1146 3794 1229 3846 teret
1249 3795 1285 3844 ad
1303 3800 1341 3850 te,
1372 3801 1428 3846 orta
1453 3795 1496 3845 ttta

174 3882 204 3920 er
223 3872 390 3928 corruptione
409 3880 433 3917 r.
454 3871 524 3916 ante.
552 3865 711 3917 settene:
743 3867 814 3915 uenit
832 3867 868 3915 ad
885 3869 911 3913 te
929 3879 1017 3929 quom.
1037 3864 1119 3915 Burs.
1164 3866 1220 3916 Ntst
1244 3865 1311 3918 torte
1335 3870 1361 3916 tn
1381 3870 1412 3916 tts
1433 3867 1496 3918 latet

175 3940 247 4002 urbts
266 3951 377 4003 nomen,
398 3938 469 3998 quod
490 3946 637 3997 opponatur
655 3937 759 3985 tanae.
781 3937 831 3987 Ort.
860 3960 891 3972 -
919 3936 945 3984 3.
965 3937 1008 3984 Ex
1026 3935 1162 3986 contrario
1181 3939 1218 3986 sic
1237 3935 1276 3997 u,
1296 3937 1400 3988 Osann.
1424 3937 1493 3997 dun,

173 4010 283 4061 hamb:
302 4009 346 4059 Ba
363 4009 498 4057 contrario
516 4007 584 4068 (om.
598 4008 646 4068 ste)
665 4006 810 4055 PABFTE.
833 4033 862 4043 -
885 4006 926 4055 13.
947 4008 1135 4056 transiectione
1147 4007 1259 4058 PAFRT
1280 4016 1306 4059 et
1319 4022 1410 4060 omnes
1424 4007 1495 4068 apud

174 4080 333 4131 Greevtum:
361 4078 538 4129 transtatione
557 4079 577 4127 11
596 4085 622 4129 et
642 4078 750 4126 tortasse
769 4077 808 4133 B,
838 4088 905 4137 orrea
925 4080 1052 4127 correctto
1072 4078 1176 4127 rtdetur
1196 4093 1226 4130 er
1246 4081 1387 4140 praecedd.
1408 4086 1495 4128 trans-

172 4149 285 4212 ferendts
297 4151 390 4200 titteris
401 4151 487 4198 ducta.
503 4146 553 4197 Ort.
569 4173 597 4183 -
618 4149 661 4198 to.
675 4145 772 4206 Qasr:
792 4147 860 4208 Quid
869 4146 1013 4194 PABFRE.
1027 4173 1055 4184 -
1068 4148 1110 4196 at.
1127 4151 1211 4212 mnata
1224 4153 1326 4201 accedit
1338 4149 1492 4199 PABFRT:

168 4222 273 4272 *accedit
286 4223 370 4286 mauis
383 4221 413 4269 E.
429 4245 455 4256 -
477 4218 519 4267 33.
534 4218 673 4267 virtutesF
693 4226 718 4265 et
731 4230 768 4277 pr.
787 4217 826 4269 T,
848 4224 876 4265 ut
889 4217 1003 4267 edebant
1015 4222 1076 4266 ante
1087 4217 1181 4268 Graan.
1195 4243 1225 4254 -·
1237 4222 1412 4284 consumavit
1431 4219 1451 4269 P
1468 4224 1494 4271 et

171 4291 284 4346 huten,
305 4300 335 4342 ut
352 4291 453 4342 volebat
466 4290 575 4338 hamb:
596 4288 762 4353 confirmavit
780 4286 926 4336 ABFttTE.
949 4313 977 4323 -
999 4288 1043 4335 27.
1063 4288 1151 4352 ptort'a
1174 4290 1372 4353 vutpataesunt
1386 4292 1454 4339 BltT
1468 4297 1495 4341 et

173 4374 240 4413 corr.
255 4364 308 4414 AF.
328 4362 361 4413 Ut
373 4374 435 4418 nos,
445 4360 464 4409 P
475 4369 500 4410 et
511 4373 549 4421 pr.
562 4360 613 4407 AF.
628 4383 657 4394 -
670 4358 848 4407 Alexandrum
857 4369 943 4405 omnes
951 4381 962 4392 -
973 4382 984 4392 -
995 4358 1152 4408 dilexerant.
1167 4360 1319 4410 Ateaandra
1331 4364 1377 4412 st·
1388 4385 1399 4395 -
1407 4369 1493 4411 trans·

171 4434 282 4484 colasset
296 4437 344 4485 boc
358 4434 449 4484 ordtne
463 4429 573 4479 ebruc
592 4429 687 4489 ulttoue
702 4428 823 4487 pturtmt:
844 4425 996 4477 Alexandro
1009 4430 1054 4477 st·
1068 4453 1076 4462 ·
1096 4432 1292 4480 transnatasset.
1312 4431 1493 4483 Ataaandrnm

171 4517 260 4552 omnes
277 4530 288 4540 ·
305 4531 316 4541 ·
333 4505 482 4555 dilexerant
501 4500 520 4550 li
539 4509 565 4550 et
583 4500 699 4550 tortatste
717 4497 747 4546 A.
770 4523 800 4533 -
825 4497 869 4547 28.
888 4504 917 4546 ut
935 4511 986 4547 om.
1007 4499 1149 4548 PABFRT.
1168 4525 1197 4536 -
1216 4509 1363 4552 metuerant
1380 4502 1490 4553 Pur.-

171 4573 215 4621 29.
236 4575 301 4624 data
320 4575 426 4636 lonpt‘or
440 4572 543 4622 Pseu:
564 4571 668 4635 tonpr'ar
687 4569 753 4616 data
765 4567 841 4617 butt.
864 4594 891 4604 —
913 4581 1006 4617 manus
1025 4584 1077 4619 om.
1095 4570 1206 4620 PABFR
1226 4579 1251 4621 et
1270 4573 1400 4635 plertque.
1440 4573 1492 4623 lla-

171 4643 216 4693 het
235 4644 267 4691 T.
287 4646 382 4694 -31,
407 4642 542 4708 probibuit
559 4641 671 4704 s'ndt'pna
690 4638 774 4688 Codd.
789 4641 886 4688 nostrl:
910 4641 1021 4702 indipna
1038 4640 1175 4704 prohibuit
1192 4641 1221 4690 a.
1242 4668 1274 4676 —
1296 4643 1339 4691 33.
1359 4640 1491 4706 similiter]

170 4713 251 4762 stms'tt
270 4714 306 4772 P,
327 4730 378 4763 orn.
395 4716 414 4764 B
434 4722 460 4764 et
481 4726 539 4763 curn
559 4711 612 4761 ert.
633 4711 727 4761 Greer.
749 4734 778 4746 -
800 4715 836 4759 est
856 4709 947 4759 obtata
965 4710 1025 4759 Ptt:
1046 4712 1136 4761 obtato
1154 4716 1191 4760 est
1209 4711 1306 4760 AFTtt.
1328 4738 1356 4748 -
1378 4711 1421 4761 at.
1441 4715 1492 4779 fide

171 4791 294 4845 captam,
313 4785 443 4834 matorum
459 4783 574 4848 pertidia
589 4796 638 4845 per
654 4780 733 4831 scelus
752 4792 812 4829 nos:
833 4780 884 4844 fide
902 4789 1007 4843 captam
1027 4783 1175 4836 matorum,
1193 4782 1319 4844 perfidiae
1336 4782 1418 4831 scetus
1430 4795 1491 4835 curn

172 4854 283 4907 tirrerto
302 4855 342 4917 It,
370 4855 421 4920 fide
447 4860 553 4917 captum
576 4854 707 4903 enatorum
729 4852 841 4916 perfidia
858 4857 882 4902 et
899 4854 980 4903 scetus
996 4852 1059 4905 sch.
1098 4850 1263 4916 (Nostrorum
1282 4854 1420 4905 rartetetes
1439 4855 1489 4908 hee

172 4934 247 4979 tunt:
266 4929 398 4978 maiorum
416 4925 454 4987 u,
470 4925 604 4976 matorum
618 4928 685 4974 natu
703 4921 769 4979 ΒΤ.)
