3232 5392
460 1023 533 1102 M.
560 1017 796 1101 TULLII
829 1019 1185 1104 CICERONIS

589 1231 632 1320 Ia
652 1232 675 1321 l
692 1232 734 1320 B
752 1231 796 1320 Ε
814 1232 857 1321 Ia
876 1232 919 1321 L
938 1233 981 1325 U
1001 1231 1036 1322 S

790 1462 844 1526 DE

147 1766 150 1771 ,
271 1664 1366 1779 θΡΤΙΜθΕΕΝΕΒΕ

494 1921 1141 2016 omanorum.

158 2477 186 2542 1.
212 2478 241 2542 t.
275 2451 457 2541 0ratorum
479 2490 597 2556 genera
620 2490 688 2536 esse
707 2469 853 2535 dicuntur
866 2475 1023 2557 tamquam
1038 2475 1214 2556 poetamm.
1259 2470 1293 2538 {d
1309 2492 1400 2540 secar
1416 2483 1467 2542 est
1474 2498 1484 2555 ;

159 2576 231 2636 nam
253 2568 386 2634 alterum
407 2573 454 2631 est
474 2563 650 2648 multiplex.
695 2564 851 2630 Po'ematis
873 2563 957 2630 enim
978 2564 1100 2650 tragici,
1133 2565 1263 2643 cornici,
1288 2567 1390 2654 epici,
1415 2593 1486 2636 me·

159 2665 213 2731 lici
241 2664 334 2730 etiam
361 2682 399 2727 ac
427 2659 660 2745 dithyrambici‚
693 2679 756 2746 qno
784 2661 882 2744 magia
910 2670 957 2726 est
983 2667 1147 2725 tractatum
1173 2680 1191 2725 a
1218 2661 1354 2739 Latinis,
1388 2686 1483 2730 suum

161 2758 312 2845 cuiusque
334 2766 382 2823 est
401 2754 560 2821 diversum
576 2753 749 2840 areliquis.
792 2755 900 2838 {taque
922 2763 954 2819 et
973 2754 1006 2819 in
1028 2755 1187 2838 tragoedia
1210 2759 1364 2822 comicum
1386 2759 1484 2825 vitio·

138 2876 230 2930 asam
252 2863 300 2919 est
320 2859 352 2918 et
371 2854 404 2916 in
426 2847 589 2916 comoedia
611 2856 702 2934 turpe
722 2850 891 2933 tragicum
925 2857 958 2914 et
984 2848 1018 2914 in
1045 2849 1158 2916 ceteris
1188 2871 1263 2917 cuns
1290 2860 1339 2917 ert
1365 2854 1483 2939 cuique

161 2957 265 3014 certus
293 2966 388 3012 sonus
417 2953 449 3009 et
476 2941 627 3029 quaedam
648 2939 892 3024 intelligentibus
914 2949 989 3007 nota
1009 2962 1082 3008 vox.
1125 2947 1156 3008 2.
1181 2945 1349 3011 Oratornm
1371 2958 1480 3014 autem

160 3042 188 3108 ci
210 3042 280 3128 quis
300 3042 345 3106 ita
365 3046 511 3104 numerat
530 3036 620 3122 plura
641 3056 775 3120 genera,
798 3045 833 3100 ut
847 3034 924 3100 alios
940 3034 1072 3121 grandes
1090 3046 1144 3102 aut
1164 3057 1273 3122 graves
1296 3048 1350 3105 ant
1371 3044 1483 3125 copio-

160 3155 231 3212 sos,
268 3134 347 3200 alios
369 3141 479 3198 tenues
501 3140 554 3196 aut
575 3131 703 3196 subtiles
726 3138 780 3195 aut
805 3128 935 3206 breves,
969 3130 1046 3196 alios
1074 3132 1120 3196 eis
1147 3130 1327 3199 interiectos
1349 3142 1381 3200 ct
1400 3144 1483 3201 tam·

160 3249 254 3315 quam
276 3230 397 3293 medios
418 3232 523 3311 putet,
557 3223 596 3291 de
618 3223 799 3290 hominibus
828 3224 905 3290 dicit
929 3224 1064 3311 aliquid,
1099 3228 1138 3290 de
1160 3245 1195 3292 re
1216 3248 1339 3310 parum.
1385 3231 1422 3293 In
1444 3250 1481 3295 re

121 3322 262 3399 nanim,
286 3321 371 3407 quod
392 3326 543 3407 optimum
566 3322 621 3395 sit,
647 3322 824 3406 quaeritur3
853 3321 885 3385 in
906 3321 1031 3386 homine
1054 3321 1184 3395 dicitur,
1206 3326 1291 3407 quod
1313 3330 1372 3388 est.
1417 3327 1483 3388 lta-

158 3440 221 3505 que
242 3418 316 3483 licet
337 3418 441 3483 dicere
463 3423 495 3480 et
515 3415 649 3479 Ennium
672 3435 827 3479 summum
850 3414 974 3498 epicum
995 3423 1135 3501 poetam,
1159 3415 1186 3480 si
1208 3418 1257 3481 cui
1280 3419 1323 3482 ita
1343 3419 1480 3494 videtur,

159 3520 192 3579 et
212 3511 379 3577 Pacuvium
400 3509 552 3594 tragicum
574 3516 606 3573 ot
627 3507 797 3573 Caecilium
818 3506 950 3574 sortasse
971 3513 1134 3575 comicum.
1177 3513 1209 3575 3.
1235 3511 1398 3577 Oratorem
1423 3535 1479 3596 ge-

157 3626 235 3671 nere
256 3625 320 3670 non
342 3603 464 3681 divido;
497 3602 670 3690 perfectum
687 3605 776 3668 -enim
798 3623 927 3689 quaero.
971 3607 1069 3670 Unum
1091 3612 1137 3671 est
1159 3612 1263 3670 autem
1286 3627 1384 3690 genus
1406 3627 1482 3694 per-

158 3699 250 3775 fecti,
281 3720 299 3763 a
321 3719 385 3784 quo
406 3698 460 3786 qui
482 3702 609 3776 absunt,
639 3719 703 3764 non
725 3718 840 3783 genere
862 3697 1023 3773 differunt,
1055 3706 1090 3764 nt
1111 3700 1278 3765 Terentius
1301 3704 1340 3766 ab
1361 3702 1479 3778 Accio,

118 3795 213 3870 „sed
235 3795 268 3857 in
291 3791 402 3859 eodem
424 3812 538 3877 genere
565 3814 628 3858 non
658 3802 731 3859 sunt
757 3813 860 3878 parea.
906 3794 1048 3879 Optimus
1076 3801 1124 3858 eat
1149 3794 1234 3859 enim
1264 3803 1385 3870 orator,
1424 3799 1480 3881 qui

158 3887 292 3954 dicendo
323 3886 445 3952 animoa
472 3887 663 3952 audientium
691 3896 723 3953 et
750 3889 843 3953 docet
871 3894 902 3953 et
930 3886 1064 3953 delectat
1086 3896 1118 3953 et
1137 3897 1311 3975 permovet.
1356 3893 1479 3956 Docere

158 3981 298 4048 debitum
320 3990 382 4058 est;
415 3980 570 4047 delectare
591 3984 814 4061 honorarium;
849 4000 1038 4066 permovere
1060 3983 1282 4049 neceesarium.
1327 3985 1356 4049 t.
1391 3987 1481 4051 Haec

156 4084 193 4143 ut
213 4075 291 4142 alius
313 4075 424 4141 melius
445 4097 538 4164 quam
559 4075 915 4153 aliussconcedendum
936 4085 998 4156 eat3
1021 4099 1132 4144 aerum
1153 4080 1186 4144 id
1209 4076 1244 4143 fit
1263 4098 1327 4144 non
1349 4097 1476 4163 genere,

230 4298 256 4347 1.
277 4310 375 4362 genem
401 4297 452 4347 duo
471 4308 523 4346 erre
540 4309 566 4348 v.
597 4320 629 4333 ·-
659 4296 705 4346 ced
722 4298 752 4347 td
770 4312 795 4350 v.
824 4321 855 4334 -
886 4298 913 4348 1.
938 4311 1003 4348 uam
1021 4297 1133 4348 atterum
1150 4302 1189 4348 ert
1205 4296 1332 4360 rimpteo,
1364 4296 1482 4349 ottmm

158 4367 298 4433 multiplea
316 4365 408 4418 Lamb.
429 4390 458 4404 -
476 4367 502 4418 3.
520 4378 571 4431 quo
589 4379 614 4426 ι,
636 4367 668 4426 U,
689 4367 777 4421 Codex
796 4368 913 4421 Turnebt
932 4368 1016 4419 aava.
1037 4370 1072 4428 1,
1091 4367 1130 4429 4.,
1149 4368 1193 4420 N:
1214 4369 1284 4432 quod
1301 4367 1331 4418 B.
1351 4393 1384 4405 -
1402 4381 1482 4420 cuum

159 4441 282 4502 memque
308 4437 464 4490 Menuttnrr
495 4451 572 4487 suum
598 4440 693 4500 quotue
710 4452 743 4500 a,
772 4453 898 4506 suumque
921 4441 964 4489 tur
985 4453 1020 4498 r,
1051 4452 1127 4488 anum
1151 4450 1201 4503 gato
1219 4440 1340 4501 ratasque
1370 4435 1407 4501 (td
1429 4448 1480 4503 ert,

158 4506 312 4578 poetasque)
329 4509 368 4567 N,
387 4523 463 4558 auum
478 4510 589 4574 quodvis
607 4508 662 4559 ΠΕ.
685 4535 714 4546 -
741 4510 768 4561 5.
787 4523 849 4560 roua
867 4514 906 4562 ert
924 4511 1018 4575 cratque
1036 4516 1123 4561 certer
1140 4521 1219 4560 conor
1236 4521 1271 4560 aa
1290 4521 1351 4558 roua
1370 4515 1407 4560 ert
1426 4512 1482 4560 cut·

62 4622 67 4629 .
158 4580 381 4647 amnonmru.
400 4576 624 4641 (certurtucntur
643 4578 848 4641 Eddantcli,
869 4584 1007 4634 acetruda
1026 4578 1189 4644 corruptae.)
1212 4603 1241 4617 -
1270 4579 1297 4631 o.
1318 4578 1349 4629 de
1367 4580 1480 4631 temtat-

159 4650 208 4704 aar
225 4651 288 4701 dtett
306 4649 438 4702 Oretltur:
457 4651 604 4701 domtntdur
621 4650 699 4701 detctt
717 4649 782 4715 (om.
802 4649 844 4714 dc)
863 4666 895 4714 a,
913 4652 945 4703 de
961 4651 1110 4703 nominituo
1126 4652 1193 4702 dtcet
1211 4649 1243 4699 n.
1265 4674 1294 4687 -
1321 4647 1364 4699 tt.
1387 4651 1481 4702 term·

159 4724 212 4774 tter
230 4721 263 4772 od
280 4720 359 4773 Arcto
375 4733 436 4774 ar:
467 4721 500 4774 ot
518 4719 592 4772 Attio
612 4721 745 4774 Terentiae
762 4723 784 4774 11
802 4734 861 4775 cunr
886 4726 991 4777 cetertr·
1011 4748 1040 4762 -
1071 4723 1114 4775 15.
1140 4721 1230 4775 eodem
1255 4731 1350 4787 geom
1367 4732 1420 4785 ar,
1433 4721 1479 4775 N:

159 4793 247 4847 eodem
264 4786 326 4858 (om.
345 4787 448 4860 grume)
466 4792 488 4846 u
506 4802 566 4845 eum
586 4797 648 4846 cett.
668 4791 737 4847 ltdd.
