3232 5392
632 196 667 265 C.
689 198 744 266 2l.
766 202 820 269 25.
843 202 897 268 99.
1363 199 1426 267 479

108 383 173 453 qno
193 360 338 430 landetur
356 360 515 438 affecerit,
536 365 593 428 eut
613 361 743 427 omnino
762 381 829 428 non
849 381 919 429 esse
938 355 1112 440 leudebile,
1133 356 1220 446 quod
1239 379 1304 426 nou
1324 366 1424 439 recte,

107 478 173 525 non
198 458 268 523 iure
296 453 412 522 [nomm
441 457 491 521 sit.
534 457 657 533 Quibus
684 452 831 522 omnibns
851 455 1022 544 generibus
1042 475 1121 522 usus
1143 462 1191 520 est
1210 453 1303 521 nimis
1326 454 1428 543 impu-

108 555 222 618 denter
241 552 356 618 caestu
376 557 484 616 cenna
498 551 649 617 Catonem
669 570 785 618 meum.
826 553 878 617 95.
901 552 984 627 Sed,
1008 571 1089 635 quae
1111 571 1153 617 ex
1166 555 1250 615 statu
1264 552 1426 616 contentio

106 644 260 724 efficitur,
283 665 353 711 eam
376 643 487 711 Graeci
508 645 700 733 κρινόμενον
720 652 844 712 vocant
885 645 963 711 llibi
985 644 1090 729 placet
1109 643 1158 719 id,
1187 645 1336 730 quoniam
1358 647 1428 731 qni-

107 739 181 808 dem
201 738 242 806 ad
262 747 294 806 te
315 740 440 815 scribo,
472 757 539 816 ers
565 761 607 806 ns
637 759 679 805 ns
700 758 819 805 surrvn
838 741 957 806 vocari.
1002 739 1126 817 Quibus
1146 746 1250 805 eutem
1278 740 1340 804 boc
1366 756 1451 824 quas

107 837 151 902 de
180 854 217 902 re
248 835 355 921 agitur
385 835 579 910 continetur,
615 854 653 901 ea
682 833 874 900 continentia
905 842 1075 910 vocentur,
1112 835 1201 922 qnasi
1232 830 1429 899 firmamenta

107 926 319 1005 delemionis,
352 927 467 1016 quibus
498 930 630 994 sublatis
662 928 806 995 defensio
839 927 925 994 nulla
956 928 1009 995 sit.
1061 931 1141 1003 Sed,
1176 929 1325 1016 quoniam
1355 930 1428 1013 legs

106 1021 227 1089 firmium
253 1021 288 1087 in
309 1021 534 1089 controversiis
555 1025 765 1108 disceptandis
787 1043 857 1088 esse
878 1023 956 1089 nihil
978 1022 1085 1099 debet,
1117 1020 1218 1089 danda
1247 1030 1295 1088 est
1315 1040 1426 1109 opera,

106 1125 142 1183 ut
162 1117 265 1201 legem
285 1115 469 1183 adiutricem
491 1125 523 1183 et
543 1126 655 1183 testem
677 1115 893 1184 adhibeamus.
945 1121 983 1184 ln
1004 1140 1066 1206 qua
1085 1137 1122 1184 re
1143 1117 1197 1183 alii
1219 1119 1308 1205 quasi
1329 1126 1427 1182 status

107 1213 261 1276 exsistunt
281 1212 374 1288 nori,
397 1209 454 1276 sed
476 1211 673 1298 appellentur
693 1210 850 1297 legitimae
872 1211 1125 1299 disceptationes.
1170 1215 1221 1278 96.
1243 1216 1324 1277 Tum
1343 1209 1466 1277 enimse

107 1304 292 1372 defendetur
312 1324 377 1370 non
398 1307 430 1370 id
452 1305 554 1391 legem
576 1305 700 1383 dicere,
724 1307 810 1391 quod
832 1307 1032 1374 adversarius
1052 1307 1144 1383 velit,
1176 1309 1232 1372 sed
1253 1304 1350 1373 aliud.
1391 1307 1428 1371 ld

106 1409 211 1466 autem
233 1401 401 1486 contingit,
423 1421 495 1466 cum
517 1402 668 1484 scriptum
689 1398 874 1486 ambiguum
895 1414 961 1476 est,
984 1409 1021 1467 ut
1043 1404 1122 1467 dune
1143 1403 1315 1467 sententiae
1338 1398 1429 1466 dille·

106 1503 213 1561 rentes
235 1495 335 1578 eccipi
356 1496 488 1581 possint.
533 1498 612 1561 Tum
644 1495 817 1582 opponitur
849 1495 967 1583 scripto
1000 1495 1142 1563 voluntas
1173 1496 1357 1581 scriptoris,
1393 1502 1430 1560 ut

107 1597 294 1677 quaeratur,
327 1591 466 1655 verbane
494 1588 585 1673 plus,
617 1610 658 1654 an
689 1588 843 1656 sententia
864 1591 971 1656 velere
1001 1588 1143 1657 debeant
1185 1593 1265 1655 Tum
1293 1589 1356 1675 legi
1376 1591 1429 1655 lex

107 1687 263 1749 contraria
285 1687 426 1749 affertur.
471 1686 519 1749 lta
547 1693 621 1750 sunt
649 1686 709 1750 tria
736 1704 872 1771 genera,
907 1705 989 1773 qnae
1017 1686 1262 1751 controversiam
1288 1683 1321 1749 in
1342 1685 1464 1750 omnies

107 1779 224 1864 scripto
256 1775 361 1843 facere
391 1780 528 1865 possint,
561 1781 761 1864 ambiguum,
795 1779 1006 1866 discrepantia
1037 1778 1146 1866 scripti
1178 1787 1210 1844 et
1242 1776 1424 1855 voluntatis,

107 1871 224 1958 scripta
246 1873 415 1938 contraria.
458 1874 571 1938 xxvl.
603 1876 669 1939 lam
696 1873 758 1939 hoc
779 1875 980 1958 perspicuum
1003 1882 1066 1946 est,
1089 1894 1154 1939 nnn
1176 1872 1275 1957 magis
1297 1874 1329 1937 in
1351 1870 1429 1957 legi-

106 1969 190 2042 bus,
223 1986 318 2053 quam
339 1968 371 2032 in
394 1969 601 2044 testamentis,
634 1969 667 2033 in
688 1966 958 2051 stipulationibus,
991 1965 1024 2032 in
1045 1966 1176 2054 reliquis
1196 1971 1311 2045 rebus,
1346 1986 1427 2052 quae

108 2081 148 2126 ex
168 2059 286 2144 scripto
301 2071 450 2146 aguntur,
474 2082 567 2150 posse
582 2064 815 2128 controversias
830 2067 957 2128 easdem
973 2064 1137 2130 exsistere.
1181 2065 1304 2129 llorum
1317 2069 1430 2127 tracta·

108 2155 208 2222 tiones
235 2154 268 2220 in
296 2155 365 2222 aliis
394 2154 481 2223 libris
511 2157 722 2241 explicantur.
768 2160 820 2222 97.
853 2160 919 2222 Nec
945 2156 1048 2224 solum
1076 2166 1247 2245 perpetuae
1274 2158 1465 2232 actiones,ss

106 2248 164 2317 sed
185 2252 278 2317 eliam
299 2260 402 2338 partes
423 2251 575 2318 orationis
596 2250 707 2317 iisdem
729 2250 806 2317 locis
827 2250 1031 2327 adiuvantur,
1053 2253 1166 2336 partim
1181 2250 1334 2340 propriis,
1357 2269 1430 2334 par-
1455 2318 1460 2328 ¹

106 2348 163 2411 tim
184 2344 425 2424 communibus3
457 2355 495 2410 ut
515 2348 549 2412 in
569 2347 747 2433 principiis,
782 2344 897 2432 quibem
917 2354 954 2411 ut
975 2349 1141 2424 benevoli,
1168 2357 1204 2413 ut
1223 2345 1360 2420 dociles,
1395 2352 1430 2410 ut

106 2438 217 2506 attenti
238 2441 319 2513 sint,
353 2442 407 2526 qui
429 2442 573 2516 audiant,
606 2438 804 2506 efficiendum
826 2449 875 2506 est
896 2441 1036 2526 propriis
1057 2441 1159 2519 locis;
1192 2443 1329 2527 itemque
1356 2460 1429 2505 ner-

105 2534 244 2601 rationes
265 2543 300 2601 ut
320 2537 360 2600 ed
381 2554 455 2600 suos
477 2532 555 2600 fines
576 2542 734 2620 spectent,
769 2533 890 2610 idest,
923 2544 960 2601 nt
984 2535 1097 2619 planae
1125 2537 1203 2612 sint,
1235 2543 1271 2601 ut
1298 2538 1426 2611 breves,

106 2636 142 2693 ut
163 2627 340 2705 evidentes,
362 2636 398 2694 ut
418 2627 599 2705 credibiles,
621 2638 657 2695 ut
676 2637 832 2705 moratae,
856 2640 893 2696 ut
914 2651 985 2695 cum
999 2629 1162 2715 dignitate.
1206 2631 1296 2707 Quae
1317 2647 1465 2715 quam-ss

107 2742 202 2810 quam
223 2723 257 2788 in
278 2731 343 2790 tcta
364 2723 507 2789 oratione
529 2744 599 2790 esse
620 2722 749 2798 debent,
774 2727 876 2809 magis
896 2733 1002 2791 tamen
1024 2734 1097 2791 sunt
1117 2728 1247 2811 propria
1267 2723 1426 2789 narrandi.

107 2819 159 2883 98.
182 2818 272 2895 Quae
293 2826 398 2884 autem
419 2820 622 2906 consequitur
643 2822 854 2885 narrationem
877 2817 972 2896 lidos,
994 2841 1032 2887 ea
1047 2818 1263 2907 persuadendo
1279 2819 1429 2906 quoniam

108 2908 260 2988 efficitur,
284 2913 339 2996 qui
360 2915 400 2977 ad
421 2915 673 2999 persuadendum
695 2913 756 2978 loci
778 2916 915 2979 maxime
936 2916 1078 2989 vnlesnt,
1111 2913 1231 2980 dictum
1251 2920 1300 2979 est
1320 2912 1354 2978 iu
1375 2913 1426 2989 iis,

107 3004 275 3091 inquibus
305 3004 344 3071 de
374 3010 460 3072 omni
487 3009 612 3073 ratione
640 3009 776 3074 dicendi.
827 3009 988 3075 Peroratio
1012 3019 1118 3075 autem
1138 3017 1171 3075 et
1192 3007 1252 3074 alia
1273 3006 1427 3094 quaedum

108 3098 204 3165 babet
225 3107 257 3166 et
277 3102 412 3167 mnrium
433 3099 723 3185 amplificationem,
755 3102 844 3169 cuius
867 3102 999 3171 eliectns
1019 3105 1071 3170 bic
1093 3107 1188 3170 debet
1208 3122 1295 3177 esse,
1316 3111 1353 3167 ut
1373 3109 1466 3168 autse

107 3197 332 3282 perturbentur
352 3196 448 3262 animi
469 3205 524 3262 ant
544 3197 802 3283 tranquillentur,
836 3204 885 3274 et,
918 3199 946 3265 si
972 3201 1017 3265 ita
1043 3202 1106 3265 iam
1133 3199 1238 3263 allecti
1259 3205 1330 3263 ante
1351 3199 1426 3273 sint,

107 3296 144 3356 ut
164 3297 277 3373 augeat
296 3310 408 3356 eorum
429 3301 535 3358 motus
557 3299 611 3358 aut
631 3295 721 3357 sedet
742 3297 856 3360 oratio.
900 3297 953 3360 99.
977 3293 1060 3359 Huic
1080 3295 1208 3380 generi,
1244 3291 1278 3357 in
1305 3313 1368 3377 quo
1396 3297 1429 3357 et

107 3382 323 3449 misericordia
343 3392 375 3450 ct
394 3387 559 3452 iracundia
587 3394 621 3451 et
649 3386 757 3452 odium
779 3395 811 3453 et
832 3391 950 3455 invidia
971 3397 1004 3454 et
1025 3398 1149 3454 ceterae
1171 3384 1267 3454 animi
1288 3384 1429 3451 effectio-

107 3498 164 3544 ues
185 3480 425 3565 perturbantur,
448 3489 616 3567 praecepta
637 3484 880 3568 suppeditantur
900 3483 970 3549 aliis
994 3481 1050 3568 [in]
1077 3482 1183 3557 libris,
1206 3501 1287 3569 quos
1308 3480 1429 3568 poteris

107 3591 232 3639 mecum
258 3571 383 3659 legere,
421 3594 492 3641 cnm
522 3575 622 3642 voles.
677 3574 727 3642 sd
753 3578 786 3643 id
814 3586 935 3656 autem,
968 3581 1054 3666 quod
1083 3586 1116 3644 te
1145 3576 1226 3645 velle
1254 3595 1465 3654 senseramus

178 3956 204 4008 e.
224 3970 256 4009 ec
274 3956 358 4026 bip,
378 3956 421 4008 N:
440 3971 485 4009 ece
502 3958 592 4018 edil,
611 3958 674 4009 tuse
690 3957 774 4019 Valla,
792 3958 854 4016 bv,
874 3958 966 4012 bemb.
988 3981 1019 3996 -
1039 3960 1083 4010 10.
1103 3958 1149 4010 sed
1167 3956 1427 4023 appellestsssde,

109 4028 256 4080 Vtctnrlnsa
286 4029 331 4079 ssd
348 4027 517 4092 appellentur
535 4028 599 4101 bp,
619 4028 712 4088 Velle,
731 4029 797 4089 BV,
830 4030 875 4081 ssd
891 4032 938 4094 qui
955 4029 1125 4094 appellemur
1143 4029 1170 4090 l,
1199 4031 1245 4094 qut
1262 4029 1429 4090 appellentes·

108 4100 163 4151 llll.
186 4122 214 4134 -
234 4099 277 4148 11.
295 4098 450 4162 defendetur
467 4100 528 4157 ed,
546 4101 586 4152 Ns
614 4099 765 4160 detenditur
784 4100 805 4150 lt
824 4113 884 4152 cnm
903 4103 1014 4160 ceteris,
1043 4103 1092 4152 ntst
1117 4099 1188 4163 quod
1212 4099 1382 4163 defendentur
1399 4095 1427 4161 b,

108 4170 251 4236 defendunt
268 4169 296 4219 d.
316 4194 349 4204 -
368 4169 412 4219 19.
436 4173 580 4222 sententies
598 4169 742 4235 differentes
760 4170 845 4222 adt:
876 4170 1024 4236 differesssss
1040 4173 1185 4223 sestertius
1203 4170 1224 4220 ll
1243 4182 1303 4221 enm
1322 4171 1427 4221 celeste.

107 4240 204 4291 -11,
223 4239 420 4300 cnebdet,
441 4238 546 4291 osone.
566 4248 635 4300 tres,
655 4241 749 4303 Velle,
768 4242 830 4293 BV:
862 4248 989 4292 sulcum
1009 4242 1123 4295 Gentem
1142 4242 1172 4292 Ε.
1193 4266 1222 4278 -
1254 4239 1427 4291 debeomeb

109 4312 174 4371 de,
194 4311 232 4371 ll,
252 4310 342 4370 Velle,
362 4310 427 4360 Vll:
448 4310 587 4372 moesti,
617 4311 812 4372 Oscumduc,
841 4312 942 4367 Aldus.
968 4314 1000 4364 lt.
1022 4339 1051 4351 -
1084 4308 1358 4373 ld.posstsstabd,
1385 4309 1427 4362 Bc

105 4382 288 4446 persumet,
308 4386 335 4432 et
352 4382 373 4431 ll
391 4393 450 4432 enm
471 4381 538 4432 lldd.
558 4382 622 4433 mlbt
641 4387 720 4435 notts.
743 4407 771 4421 -
798 4382 841 4433 17.
860 4386 962 4447 scriptu
979 4382 1124 4442 sbdel,
1144 4382 1294 4441 victorius,
1313 4379 1426 4432 lamba

108 4459 133 4505 et
150 4453 251 4514 scripte
269 4464 328 4503 cum
347 4450 460 4504 Grutero
479 4452 509 4502 ll.
531 4478 561 4491 -
593 4455 637 4505 25.
655 4460 777 4504 mermes
800 4452 866 4512 Gr..
894 4454 959 4505 cod.
981 4468 1050 4505 unus
1067 4451 1189 4504 Lembtnt
1207 4448 1252 4514 (t),
1275 4451 1366 4511 Vatis,
1392 4451 1427 4515 tt,

108 4523 261 4574 Vtctortuse
279 4523 432 4573 moderatae
450 4522 535 4574 Godd.
556 4527 650 4584 nostrl,
670 4524 735 4583 BV,
754 4523 853 4585 Aldus,
874 4525 955 4589 Ε.,-
972 4525 1017 4576 te.
1036 4524 1169 4575 eumundo·
1186 4520 1231 4572 db
1245 4522 1261 4573 d
1277 4521 1302 4582 1,
1322 4521 1426 4573 Osonn.

109 4601 177 4654 tres,
196 4593 264 4643 Edd.
284 4599 346 4644 ente
365 4593 403 4643 ll:
423 4596 551 4645 sementi
570 4596 589 4645 ll
610 4596 680 4645 coni.
700 4602 744 4653 et,
763 4597 784 4644 st
804 4596 870 4647 tides
889 4595 1044 4653 Wundeso,
1064 4594 1118 4645 liri.
1140 4619 1169 4633 -
1190 4593 1234 4644 90.
1254 4593 1295 4643 bie
1312 4592 1426 4653 ends,

108 4664 176 4735 Bp.
197 4662 346 4724 viti-,rm
378 4663 441 4716 live
473 4665 709 4726 tsl,Vtetcrtns,
736 4665 769 4715 ll.
802 4689 830 4702 -
862 4665 907 4717 91.
931 4667 1064 4726 stated,
1091 4664 1129 4722 ll,
1154 4664 1216 4715 BV:
1246 4663 1428 4717 suntlleunr

110 4737 215 4787 ceteris.
234 4759 268 4769 -
286 4732 330 4784 91.
347 4733 548 4800 perturbentur]
568 4739 734 4786 concttnntur
752 4735 896 4787 bembtuus
914 4737 997 4789 sotus.
1033 4738 1068 4786 Λι
1086 4735 1134 4786 etr.
1154 4735 1187 4787 de
1206 4734 1258 4785 Oli.
1278 4735 1311 4796 9,
1330 4731 1360 4798 b.
1375 4734 1425 4786 18:

108 4811 193 4856 motus
219 4806 303 4855 enses
327 4806 467 4867 turbatos,
498 4813 526 4857 et
552 4805 678 4857 Wcttlum
698 4805 920 4873 waltherumque
939 4807 973 4859 ed
1000 4806 1064 4861 Teo.
1083 4807 1153 4858 suu.
1174 4808 1208 4870 l,
1236 4806 1281 4856 91.
1306 4809 1373 4860 ests.
1393 4831 1427 4847 ·-

109 4877 139 4928 te
158 4888 211 4928 om.
230 4875 374 4938 sbdld,
393 4876 461 4947 Bp,
479 4875 513 4929 ll.
548 4876 604 4931 lios
621 4877 787 4931 seclusimus.
