3232 5392
561 259 637 322 LIB.
660 260 713 325 lv.
760 257 796 323 C.
820 261 872 325 28.
896 261 947 324 29.
969 261 1021 326 30.
1408 270 1449 334 09

129 427 219 496 suun
251 438 332 505 quae
354 416 415 482 dici
437 427 579 504 possunt,
611 439 673 483 non
697 418 851 485 dicuntur.
890 422 991 485 item:
1027 422 1143 486 Pobma
1163 419 1293 509 loquens
1314 423 1446 510 pictura,

128 514 250 602 pictura
273 512 399 578 tacitum
422 521 536 595 poema
557 510 651 579 debet
673 533 752 578 esse.
797 517 892 578 ltem:
919 515 999 592 Quia
1021 514 1130 580 stultus
1153 535 1205 592 es,
1229 536 1266 580 ea
1286 537 1324 582 re
1346 527 1446 598 taces3

128 629 192 676 non
214 617 339 681 tamem
363 606 434 692 quia
458 616 561 682 taces,
585 627 622 671 ea
642 627 678 671 re
700 607 810 674 stultus
832 630 877 674 es.
922 613 992 672 Non
1014 618 1117 694 potest
1138 609 1215 684 dici,
1248 631 1341 698 quam
1363 635 1448 678 com·

129 703 223 771 mode
246 703 314 778 liat,
348 723 419 768 eum
442 701 616 770 contrariae
639 702 809 767 sententiae
831 702 980 768 relatione
1001 702 1097 768 verba
1118 725 1244 791 quoque
1266 718 1449 774 convertan-

129 808 190 869 tur.
235 801 332 864 Plura
353 796 544 863 subiecimus
566 795 733 881 exempla,
767 804 815 870 ut,
854 796 1003 882 quoniam
1032 796 1158 862 difficile
1188 806 1235 864 est
1262 799 1322 866 hoc
1350 823 1470 888 genuss

129 894 344 959 exornationis
365 892 510 965 inventu,
544 889 713 956 dilucidum
736 900 833 967 esset,
866 900 916 966 ut,
950 913 1021 958 cum
1043 890 1122 957 bene
1144 901 1225 959 esset
1245 894 1446 976 intellectum,

128 987 251 1054 brittus
276 990 307 1051 in
329 985 462 1052 dicendo
484 986 689 1052 inveniretur.

212 1085 331 1148 xxtx.
355 1083 520 1146 Permissio
543 1090 606 1154 est,
630 1101 700 1145 cum
724 1079 916 1146 ostendimus
938 1080 970 1145 in
993 1079 1124 1148 dicendo
1146 1106 1203 1151 nos
1225 1085 1359 1174 aliquam
1380 1109 1449 1155 rem

129 1185 226 1245 lolam
249 1176 374 1243 tradere
401 1183 432 1241 et
460 1179 634 1240 concedere
661 1175 790 1240 alieuius
813 1174 979 1251 voluntati,
1003 1177 1070 1241 sic:
1106 1179 1278 1258 Quoniam,
1302 1184 1449 1250 omnibus

128 1272 224 1340 rebus
246 1273 386 1358 ereptis,
416 1271 502 1334 solus
524 1279 668 1353 superest
690 1272 812 1335 animus
834 1279 866 1335 et
887 1290 1019 1355 corpus,
1053 1273 1131 1337 baee
1153 1274 1238 1360 ipsa,
1268 1299 1349 1364 quae
1371 1279 1485 1344 mibiao

129 1367 168 1434 de
191 1368 296 1433 multis
325 1365 391 1431 sola
421 1365 529 1429 relicta
557 1373 646 1439 sunl,
681 1362 771 1429 vobis
801 1371 832 1428 et
862 1373 984 1429 vestrae
1016 1365 1160 1432 condono
1181 1372 1338 1455 potestati.
1385 1378 1448 1440 Vos

129 1484 178 1527 nc
201 1451 322 1534 restio,
350 1482 413 1547 quo
436 1468 525 1546 paeto
547 1460 637 1524 robis
659 1458 838 1534 videbitur,
872 1462 1001 1524 utamini
1023 1469 1116 1547 atque
1145 1465 1314 1530 abutamini
1342 1466 1449 1533 licebit

128 1560 278 1644 impune;
310 1556 342 1621 in
365 1575 429 1628 me,
463 1553 614 1640 quidquid
644 1552 737 1628 libet,
768 1553 909 1631 statuite;
941 1553 1054 1632 dicito,
1079 1567 1171 1643 atque
1201 1562 1437 1647 obtemperabo.

128 1653 196 1716 lloc
219 1671 318 1734 genus
342 1649 463 1713 tametsi
491 1647 565 1712 alias
588 1669 713 1735 quoque
736 1669 957 1734 nonnunquam
980 1651 1171 1716 tractandum
1194 1663 1256 1730 est,
1284 1664 1386 1722 umen
1407 1661 1448 1724 ad

128 1743 374 1814 miscricordiam
397 1746 655 1807 commovendam
678 1743 950 1808 vehementissime
972 1753 1019 1809 ost
1041 1748 1320 1815 accommodatum.
1456 1771 1484 1813 ss

211 1845 265 1908 40.
290 1837 450 1904 Dubitatio
472 1847 539 1910 est,
567 1858 639 1902 cum
660 1858 813 1922 quaerore
836 1838 959 1906 videtur
980 1852 1104 1919 orator,
1136 1854 1240 1909 utrum
1263 1848 1303 1910 de
1326 1844 1447 1911 duobus

129 1941 233 2024 potius
265 1946 319 2004 aut
340 1934 414 2022 quid
438 1935 476 2000 de
498 1933 638 2020 pluribus
667 1933 862 2019 potissimum
892 1933 991 2012 dicat,
1028 1938 1089 2001 boc
1119 1937 1232 2003 modos
1271 1938 1380 2007 Obluit
1409 1961 1448 2006 eo

129 2045 270 2120 tempore
294 2030 459 2116 plurimum
482 2033 528 2094 rei
558 2027 699 2111 publicae
733 2028 896 2093 consulum
928 2029 993 2094 sive
1023 2033 1183 2097 stultitiam
1211 2032 1277 2097 sive
1300 2032 1447 2100 malitiam

129 2129 234 2194 dicere
257 2134 383 2209 oportet
404 2127 469 2188 sive
491 2132 669 2210 utrumque.
713 2126 814 2187 ltem:
851 2126 897 2187 Tu
919 2123 1000 2189 istud
1023 2144 1115 2190 ausus
1138 2147 1171 2190 es
1194 2125 1317 2203 dicere,
1350 2132 1446 2194 bomo

129 2224 269 2288 omnium
292 2219 491 2284 mortalium?
516 2265 524 2281 .
551 2266 558 2281 .
585 2265 593 2280 .
623 2239 693 2282 nam
717 2239 779 2303 quo
803 2216 949 2300 sedigno
973 2219 1115 2285 moribus
1136 2220 1199 2286 tuis
1217 2223 1369 2308 appellem
1392 2246 1485 2290 nom

129 2316 234 2382 minet
269 2313 438 2399 Expeditio
467 2323 534 2388 est,
567 2333 637 2377 eum
661 2312 833 2379 rationibus
855 2313 1068 2398 compluribus
1095 2317 1301 2393 enumeratis,
1334 2318 1447 2405 quibus

129 2411 229 2497 eliqua
251 2430 303 2474 res
325 2417 378 2473 aut
398 2406 468 2472 lieri
490 2416 627 2471 autnon
649 2405 716 2472 lieri
739 2406 892 2491 potuerit,
927 2418 1048 2474 ceterae
1071 2411 1239 2488 tolluntur,
1271 2435 1332 2478 una
1354 2416 1447 2480 relin-

129 2506 252 2593 quitur,
291 2525 384 2589 quam
414 2524 470 2566 nos
500 2502 705 2575 intendimus,
740 2501 798 2565 boc
822 2504 939 2566 modos
979 2507 1111 2569 Necesse
1135 2515 1199 2582 est,
1233 2529 1303 2572 cum
1326 2518 1448 2574 constet

128 2602 219 2667 istum
243 2599 374 2663 fundum
397 2605 538 2660 nostrum
560 2597 672 2667 fuisse,
706 2598 853 2660 ostendas
886 2606 915 2661 le
944 2607 997 2661 aut
1031 2620 1162 2665 vacuum
1191 2603 1364 2687 possedisse
1393 2611 1447 2670 aul

127 2719 185 2764 nsu
207 2702 296 2759 tuum
319 2690 429 2755 leeisse
452 2698 504 2753 aut
526 2689 640 2753 emisse
661 2699 713 2754 aut
736 2690 905 2755 hereditate
927 2693 983 2756 tibi
1007 2696 1139 2759 venisse.
1183 2698 1341 2771 Vacuum,
1375 2720 1482 2771 cumas

128 2812 186 2877 ego
208 2791 370 2859 adessem,
404 2785 565 2871 possidere
587 2803 649 2847 non
672 2787 822 2869 potuisti;
858 2796 943 2850 tuum
972 2791 1149 2855 etiamnunc
1170 2813 1228 2856 usu
1252 2790 1360 2856 iecisse
1383 2815 1446 2858 non
1516 2790 1519 2797 ’

128 2900 237 2971 potes;
273 2881 389 2966 emptio
424 2879 507 2943 nulla
542 2875 718 2964 prolortur;
755 2881 926 2946 hereditate
960 2883 1016 2948 tibi
1047 2905 1095 2949 me
1126 2886 1198 2950 viso
1226 2906 1293 2950 moa
1316 2890 1446 2972 pecunia

127 2978 234 3044 venire
257 2997 320 3039 non
343 2973 453 3061 potuit.
500 2975 697 3058 Relinquitur
718 2994 810 3056 ergo,
836 2986 868 3040 ut
890 2996 939 3042 me
961 2980 991 3041 vi
1014 2977 1053 3043 de
1076 3000 1147 3044 meo
1171 2978 1266 3044 tundo
1283 2981 1443 3047 deieceris.

126 3078 178 3141 tt.
215 3075 300 3137 llaec
331 3068 496 3134 exornatio
532 3069 699 3153 plurimum
734 3067 851 3133 iuvabit
890 3073 1115 3139 coniecturales
1147 3078 1443 3159 argumentationes.

127 3168 188 3237 Sed
222 3189 286 3233 non
320 3166 379 3230 erit
408 3173 565 3249 tamquam
588 3162 618 3226 in
641 3162 820 3248 plerisque,
855 3173 907 3237 ul,
943 3188 1014 3231 cum
1038 3169 1189 3245 velimus,
1225 3190 1261 3233 ea
1291 3173 1482 3255 possimus„

126 3264 182 3330 nti.
224 3267 303 3328 Nam
327 3262 429 3325 lacere
452 3262 484 3325 id
506 3280 568 3324 non
589 3257 784 3342 poterimus,
809 3259 867 3323 uisi
890 3259 980 3326 nobis
1002 3262 1070 3349 ipsa
1091 3264 1207 3349 negotii
1230 3275 1338 3331 natura
1360 3265 1458 3332 dabit.

125 3358 312 3519 hquliillloini.
338 3449 505 3515 llissolutio
530 3460 590 3518 est,
618 3467 697 3533 quae
720 3450 993 3515 coniunctionibus
1015 3451 1182 3518 verborum
1204 3474 1221 3520 e
1246 3455 1349 3521 medio
1370 3455 1445 3523 sub-

124 3550 211 3625 latis,
235 3547 386 3633 separatis
409 3542 546 3630 partibus
569 3540 717 3615 effertur,
742 3545 801 3605 boo
824 3546 936 3608 modo:
962 3549 1043 3612 Gere
1065 3569 1185 3613 morem
1209 3553 1347 3632 parenti,
1372 3573 1444 3638 pare

125 3642 281 3728 cognatis,
316 3637 489 3724 obsequere
520 3637 652 3711 amieis,
688 3636 873 3720 obtempera
905 3639 1038 3723 legibus.
1084 3643 1183 3707 ltom:
1222 3647 1382 3710 Descende
1413 3647 1480 3718 iuss

125 3736 277 3822 integram
300 3732 534 3806 defensionem,
569 3732 633 3794 noli
663 3730 832 3816 quidquam
862 3753 1022 3811 recusare,
1047 3739 1085 3801 da
1107 3757 1215 3803 servos
1237 3741 1268 3805 in
1290 3743 1445 3827 quaestio·

195 3949 221 3997 l.
244 3946 338 3996 Polme
356 3942 464 4004 loquens
479 3944 599 4002 pictura,
620 3942 727 4002 pictura
745 3945 854 3990 tacitum
873 3957 886 3994 e
907 3943 990 3995 coda.
1007 3956 1154 3998 nostrorum
1173 3953 1286 4012 resttqtle
1306 3950 1441 4001 Betteruss

125 4017 154 4071 ss·
169 4021 264 4081 poema
282 4018 389 4080 loquens
412 4015 518 4076 pictura
542 4018 596 4066 est,
627 4017 733 4072 pictura
761 4017 869 4062 tacitum
889 4015 919 4064 ll.
958 4016 1054 4067 Verum
1083 4021 1168 4070 nultus
1195 4022 1272 4070 bsbet
1291 4029 1356 4080 pert.
1376 4022 1443 4070 stet

126 4094 190 4140 utre
220 4091 302 4136 vertet
325 4087 401 4134 sedes
432 4098 455 4131 r.
482 4091 529 4132 est.
557 4107 590 4116 -
619 4083 644 4130 2.
667 4084 736 4144 Quia
754 4107 792 4118 ··
809 4080 884 4146 quta]
911 4087 961 4133 ss'·
980 4112 989 4123 ·
1008 4091 1031 4138 si
1054 4088 1112 4138 ltbrl
1138 4095 1218 4140 nostrl
1242 4093 1339 4152 etuqus
1372 4094 1441 4142 verte

126 4163 261 4212 turbantes
280 4172 304 4205 r.
319 4169 342 4205 c.
356 4154 394 4204 T:
416 4156 440 4202 ss'
458 4155 553 4202 stultus
571 4166 605 4202 es.
626 4166 657 4200 en
676 4167 703 4202 rs
718 4159 797 4202 tores.
828 4158 933 4214 sapiens
952 4171 1005 4206 non
1023 4168 1109 4210 tomen
1126 4163 1233 4211 altares
1252 4175 1283 4210 ea
1301 4175 1330 4209 rs
1347 4163 1442 4211 stultus

125 4245 160 4283 η,
181 4255 211 4268 .-
232 4228 258 4278 3.
279 4223 369 4291 quaml
388 4226 453 4288 quin
471 4223 565 4273 esur.
588 4248 616 4258 -
646 4222 672 4272 4.
692 4224 817 4273 relatione
835 4225 923 4275 rrttT
942 4239 968 4279 et
987 4241 1026 4289 pr.
1041 4235 1078 4283 A:
1098 4233 1271 4282 translatione
1289 4233 1310 4281 li
1328 4241 1354 4281 et
1372 4245 1440 4285 eurr.

125 4304 162 4357 Α,
182 4301 214 4352 n.
244 4323 270 4334 -
305 4299 346 4348 10.
367 4298 463 4357 ereptis
480 4295 564 4343 solum
580 4294 643 4341 mibi
660 4300 774 4356 superest
795 4295 860 4346 PBll
881 4306 907 4347 et
925 4301 1045 4358 ουτω,
1070 4305 1165 4363 ereptis
1183 4311 1296 4363 superest
1314 4302 1336 4352 Τ
1355 4308 1382 4353 et
1400 4317 1439 4365 pr.

125 4372 183 4430 AF,
203 4371 298 4432 ereptis
316 4368 398 4417 solum
416 4373 529 4426 superest
549 4377 618 4413 eurr.
641 4363 668 4411 t.
696 4389 726 4400 -
759 4365 800 4415 ll.
820 4381 859 4416 me
877 4378 964 4418 uestro
981 4370 1088 4422 Pauli:
1108 4386 1148 4421 me
1165 4386 1225 4421 uero
1245 4373 1301 4430 FT,
1319 4386 1359 4422 ms
1378 4374 1440 4435 (om.

125 4440 221 4502 smero)
240 4453 299 4490 eum
320 4437 458 4488 Lemnii.
488 4459 514 4470 -
549 4433 591 4483 1³.
612 4435 731 4494 inpuntte
749 4434 805 4491 PF,
831 4439 959 4498 imponite
979 4441 1056 4490 aar.
1088 4469 1114 4480 -
1145 4443 1239 4498 dieite,
1260 4444 1441 4504 obtemperabo

125 4513 161 4571 Τ,
183 4511 212 4562 Ι..
236 4536 263 4547 -
285 4508 328 4559 18.
349 4510 400 4557 dict
419 4506 494 4556 ΛΠ.
524 4530 545 4541 -
565 4505 608 4554 bt).
629 4506 793 4553 mortalium.
813 4522 920 4570 quaero.
940 4525 1004 4559 nam
1023 4520 1046 4562 ts
1066 4526 1105 4575 pr.
1120 4511 1155 4573 P,
1175 4513 1324 4563 mortalium
1342 4528 1441 4577 quaero

124 4596 187 4633 anses
204 4597 257 4646 quo
276 4586 300 4630 te
318 4578 410 4630 auru
429 4585 456 4628 et
474 4588 540 4625 corr.
556 4575 586 4624 P.
625 4574 837 4628 «Scrtbendum.
865 4582 1019 4630 mortalium
1046 4606 1073 4617 -
1098 4597 1212 4646 quonam
1230 4590 1255 4632 te
1273 4593 1322 4636 cet.
1343 4598 1442 4647 quaem

125 4659 194 4704 eettn
223 4661 314 4703 netum
343 4650 447 4699 etdetur
473 4661 503 4696 er
529 4661 608 4708 quom
639 4644 717 4696 usis.
755 4647 811 4698 tttst
837 4664 898 4700 vero
922 4648 1126 4718 ἀποσιώπησιν
1150 4657 1272 4716 supplere
1291 4657 1438 4708 voluerunt.

125 4724 156 4776 qq
175 4738 240 4782 m,
259 4723 292 4772 τ,
313 4747 346 4758 -
365 4721 408 4768 22.
428 4730 468 4765 res
486 4718 542 4781 fieri
560 4717 623 4776 (orn.
639 4717 696 4775 out)
715 4716 767 4769 FT.
788 4743 819 4754 -
839 4721 881 4769 25.
900 4724 1050 4772 etiamnunc
1068 4736 1116 4772 usu
1129 4722 1219 4784 secisse
1233 4726 1314 4776 codd.
1331 4727 1440 4778 Ouden-

125 4797 228 4856 eoepit:
248 4796 330 4842 stiam
347 4804 418 4839 nunc
436 4789 524 4853 [sture
542 4798 581 4847 pr.
598 4786 632 4842 P,
652 4788 731 4835 etiam
749 4802 799 4836 usu
817 4789 908 4852 fecisse
926 4791 995 4842 ΛΒΤ
1014 4801 1040 4843 et
1058 4806 1124 4843 corr.
1139 4795 1173 4852 P,
1193 4799 1272 4847 stium
1290 4811 1340 4846 usu
1357 4796 1442 4857 iecisti

126 4867 159 4925 r,
176 4869 327 4917 amone
344 4875 396 4910 usu
413 4860 492 4924 [uisse
506 4859 541 4915 tt,
560 4872 609 4905 usu
620 4857 709 4917 [sauss
721 4861 863 4910 etiamnum
878 4863 908 4911 lt.
928 4888 957 4899 -
977 4863 1021 4912 32.
1041 4863 1200 4917 busotusum
1212 4867 1438 4933 aequauerat.

127 4961 155 4977 ..
174 4934 218 4986 33.
236 4933 373 5000 separatis
388 4929 510 4999 partibus
528 4926 681 4991 eantur,
701 4928 740 4978 Ls
757 4931 881 4999 portibus
899 4935 1029 5000 separatis
1048 4934 1079 4985 ll.
