3216 5400
163 206 225 274 too
659 208 715 277 DE
734 209 983 278 INVENTIONE

160 365 264 433 diurni
286 366 471 446 nocturnive
493 366 585 454 spatii
606 374 693 433 certa
715 367 953 452 significatione.
999 373 1035 436 ln
1064 375 1127 438 hoc
1156 381 1188 438 et
1213 395 1294 461 quae
1317 378 1492 462 praeterie-

160 461 242 538 rint,
265 462 525 538 considerautur:
558 470 722 529 eteorum
745 466 905 550 ipsorum,
929 486 1008 552 quae
1031 474 1161 553 propter
1182 476 1370 535 vetustatem
1393 469 1491 537 obso-

160 555 315 633 leverint,
349 568 385 623 ut
412 557 610 623 incredibilia
640 557 807 624 videantur
835 568 867 624 et
895 561 955 624 iam
979 559 1012 625 in
1035 562 1214 626 tabularum
1237 584 1372 629 numero
1395 585 1490 650 repo-

161 661 295 730 nantur;
319 662 351 718 et
373 675 454 738 quae
475 655 538 718 iam
560 652 616 718 diu
636 661 724 738 gesta
744 662 776 718 et
796 656 982 719 amemoria
997 664 1104 720 nostra
1119 664 1240 720 remota
1255 665 1358 724 mmen
1374 659 1492 725 iaciant

138 745 254 814 sfiden
277 767 351 814 vere
375 747 485 813 tradita
507 768 598 823 esse,
623 750 709 833 quod
724 769 835 814 eorum
851 759 1053 815 monumenta
1068 759 1151 815 certa
1166 750 1200 814 in
1215 752 1329 817 litteris
1344 762 1489 832 exstent3

163 851 195 907 et
216 862 297 930 quae
320 863 421 928 nuper
442 851 529 926 gesta
561 841 643 919 siut,
675 862 756 929 quae
788 844 869 907 scire
895 843 1038 930 plerique
1064 843 1206 930 possint;
1242 853 1274 910 et
1302 847 1378 913 item
1407 868 1491 933 quac

164 939 280 1002 instent
312 939 345 1000 in
376 938 552 1022 praesentia
586 945 617 999 et
638 957 718 1021 quae
740 959 811 1002 cum
834 938 968 1003 maxime
989 937 1064 1003 liant
1087 948 1118 1003 et
1139 959 1221 1023 quae
1243 950 1489 1024 consequantur.

161 1032 198 1095 In
220 1033 334 1113 quibus
366 1038 471 1118 potest
502 1031 712 1106 considerari,
748 1031 823 1117 quid
857 1033 947 1098 ocius
978 1041 1010 1098 et
1037 1034 1112 1117 quid
1142 1032 1243 1099 serius
1272 1031 1413 1100 futurum
1436 1038 1488 1101 sit.

161 1127 201 1190 Et
222 1124 297 1188 item
319 1125 533 1191 communiter
547 1127 580 1189 in
603 1135 748 1209 tempore
768 1129 989 1213 perspiciendo
1012 1129 1227 1213 longinquitas
1255 1130 1324 1193 eius
1346 1137 1394 1193 est
1414 1150 1492 1195 con-

124 1218 338 1284 aosideranda.
383 1224 461 1285 Nam
494 1241 587 1306 saepe
618 1228 743 1306 oportet
772 1222 946 1287 commetiri
981 1243 1052 1287 cum
1086 1232 1230 1306 tempore
1263 1225 1425 1306 negotium
1459 1232 1491 1289 et

161 1310 284 1387 videre,
317 1316 495 1398 potueritne
525 1322 580 1379 aut
611 1313 791 1398 magnitudo
820 1316 941 1400 negotii
968 1325 1022 1381 aut
1057 1315 1226 1381 multitudo
1259 1337 1363 1380 rerum
1392 1316 1425 1380 in
1449 1339 1488 1381 eo

162 1410 290 1492 transigi
312 1416 465 1494 tempore.
512 1408 736 1474 consideratur
757 1419 860 1475 autem
882 1419 1005 1497 tempus
1028 1419 1060 1475 et
1081 1412 1154 1475 anni
1177 1421 1208 1476 et
1230 1408 1346 1474 mensis
1368 1418 1401 1474 et
1423 1412 1488 1478 diei

162 1512 194 1568 et
214 1506 315 1568 noctis
338 1511 369 1567 et
390 1505 517 1587 vigiliae
539 1512 570 1568 et
590 1506 690 1568 horae
712 1504 797 1568 etin
820 1507 924 1590 aliqua
938 1515 1027 1588 parte
1040 1507 1171 1568 alicuius
1186 1506 1312 1569 borum.
1354 1506 1487 1570 xxvrl.

162 1601 215 1663 to.
250 1600 382 1664 Occasio
402 1607 507 1663 autem
528 1605 576 1663 est
597 1619 669 1682 pars
692 1600 842 1680 temporis
863 1602 983 1663 babens
1004 1600 1036 1662 in
1058 1619 1093 1663 se
1110 1598 1246 1663 alicuius
1267 1599 1315 1663 rei
1338 1601 1487 1664 idoneam

125 1690 298 1761 uinciendi
330 1698 384 1757 aut
414 1713 477 1757 non
505 1691 640 1756 faciendi
676 1694 953 1776 opportunitatem.
1010 1693 1115 1769 Quare
1146 1713 1218 1757 cum
1249 1703 1392 1779 tempore
1423 1695 1487 1758 boc

164 1784 291 1853 differt:
313 1806 384 1851 nam
407 1807 524 1869 genere
548 1785 674 1873 quidem
695 1793 864 1872 utrumque
886 1789 970 1851 idem
994 1807 1063 1851 esse
1085 1785 1292 1870 intelligitur3
1325 1807 1435 1857 verum
1458 1786 1491 1850 in

163 1891 306 1967 tempore
328 1882 461 1963 spatium
484 1878 621 1965 quodam
643 1881 737 1944 modo
761 1878 954 1952 declaratur,
988 1878 1074 1964 quod
1102 1883 1135 1944 in
1164 1880 1254 1945 annis
1276 1883 1383 1945 autin
1405 1902 1489 1945 anno

163 1978 270 2040 autin
293 1977 396 2061 aliqua
418 1976 490 2039 anni
512 1985 601 2057 parte
631 1981 805 2059 spectatur;
840 1975 872 2040 in
906 1978 1071 2040 occasione
1104 1977 1143 2039 ad
1174 1977 1307 2060 spatium
1336 1976 1490 2057 temporis

163 2067 298 2137 faciendi
320 2070 473 2153 quaedam
495 2070 711 2154 opportunitas
734 2067 919 2154 intelligitur
940 2068 1097 2134 adiuncta.
1150 2071 1255 2147 Quare
1277 2088 1348 2133 cum
1371 2089 1489 2152 genere

127 2163 249 2229 niuem
270 2163 324 2237 sit,
354 2161 388 2227 iit
409 2161 509 2236 aliud,
537 2165 622 2248 quod
645 2170 733 2247 parte
754 2167 888 2250 quadam
912 2173 944 2228 ct
964 2163 1087 2249 specie,
1115 2172 1151 2227 ut
1172 2164 1324 2240 diximus,
1348 2163 1488 2229 differat.

163 2259 251 2322 Haec
266 2257 463 2321 distribuitur
482 2259 515 2320 in
530 2256 590 2321 tria
611 2278 744 2340 genera,
768 2260 946 2344 publicum,
971 2278 1156 2333 commune,
1180 2257 1348 2342 singulare.
1384 2256 1493 2322 Publi-

163 2359 316 2425 comest,
339 2354 425 2435 quod
448 2353 557 2415 civitas
579 2351 727 2416 universa
747 2352 850 2436 aliqua
871 2356 911 2417 de
934 2374 1026 2416 causa
1049 2351 1242 2436 frequentat,
1265 2361 1299 2416 ut
1315 2350 1397 2427 ludi,
1423 2352 1492 2416 dies

163 2445 279 2520 festus,
303 2445 430 2511 bellum.
474 2449 668 2521 Commune,
700 2445 785 2531 quod
806 2445 919 2511 accidit
940 2449 1086 2512 omnibus
1109 2445 1222 2511 eodem
1244 2444 1310 2509 sere
1333 2453 1489 2531 tempore,

163 2548 199 2607 ut
219 2541 350 2614 messis,
377 2541 549 2609 vindemia,
578 2542 681 2613 calor,
709 2538 818 2625 frigus.
865 2541 1029 2624 singulare
1052 2548 1156 2605 autem
1179 2548 1246 2613 est,
1276 2542 1362 2624 quod
1384 2539 1492 2624 aliqua

125 2633 204 2701 “de
225 2656 319 2700 causa
339 2637 484 2721 privatim
506 2635 598 2699 alicui
620 2637 705 2700 solet
724 2634 887 2711 accidere,
915 2643 951 2700 ut
973 2639 1117 2720 nuptiae,
1141 2632 1348 2709 sacrificium,
1379 2636 1489 2710 funus,

161 2733 358 2803 ,cenuvium
381 2750 520 2795 somnus
566 2733 618 2795 ll.
654 2732 768 2793 Modus
790 2739 894 2794 autem
919 2739 981 2804 est,
1005 2732 1141 2815 inquo,
1167 2728 1436 2814 quemadmodum
1460 2738 1492 2794 et

164 2847 227 2912 quo
250 2827 354 2891 animo
377 2824 491 2890 lactum
514 2825 569 2899 sit,
593 2822 767 2910 quaeritur.
811 2825 887 2887 Eius
909 2832 1015 2909 partes
1037 2832 1109 2888 sunt
1131 2821 1298 2910 prudentia
1320 2831 1352 2887 et
1373 2825 1494 2907 impru-

164 2920 279 2986 dentia.
324 2921 513 2984 Prudentiae
536 2928 640 2982 autem
662 2920 742 2981 ratio
764 2917 925 3003 quaeritur
947 2938 987 2982 ex
1009 2917 1064 2993 iis,
1088 2938 1169 3003 quae
1192 2918 1286 2990 clam,
1310 2914 1423 3001 palam,
1447 2918 1490 2991 vi,

163 3013 369 3099 persuasione
391 3011 521 3087 lecerit;
544 3011 754 3096 imprudentia
775 3020 879 3076 autem
902 3015 934 3076 in
956 3012 1175 3097 purgationem
1198 3008 1377 3084 confertur,
1402 3013 1493 3075 cuius

127 3119 269 3194 asportes
292 3118 363 3173 sunt
384 3106 568 3180 inscientia,
605 3126 711 3180 casus,
742 3107 929 3183 necessitas,
966 3116 997 3170 et
1019 3107 1051 3169 in
1073 3105 1271 3171 affectionem
1294 3106 1407 3179 animi,
1429 3109 1493 3170 hoe

165 3211 229 3278 est,
259 3201 449 3274 molestiam,
483 3201 696 3272 iracundiam,
731 3219 869 3264 amorem
892 3207 923 3264 et
945 3209 1066 3273 cetera,
1100 3221 1182 3285 quae
1204 3199 1236 3263 in
1259 3198 1353 3263 simili
1375 3220 1492 3283 genere

164 3307 340 3362 versantur.
384 3298 559 3360 Facultates
574 3302 661 3368 sunt,
684 3300 737 3357 aut
758 3292 872 3380 quibus
893 3292 1017 3359 facilius
1038 3291 1072 3358 lit
1094 3302 1147 3359 aut
1161 3296 1229 3359 sine
1244 3292 1358 3379 quibus
1373 3293 1493 3380 aliquid

165 3390 277 3458 confici
298 3410 361 3455 non
382 3397 496 3475 potest.

249 3486 394 3550 llllVlll.
430 3485 617 3547 Adiunctum
646 3483 773 3567 negotio
804 3490 907 3547 autem
937 3483 970 3547 id
993 3482 1193 3567 intelligitur,
1231 3480 1317 3570 quod
1338 3484 1439 3549 maius
1462 3492 1495 3550 et

128 3585 250 3666 eoquod
272 3581 376 3645 minus
398 3584 429 3641 et
451 3579 535 3662 quod
557 3597 656 3662 aeque
680 3596 827 3660 magnum
849 3585 881 3640 et
904 3581 989 3662 quod
1012 3579 1113 3642 simile
1138 3579 1196 3641 erit
1213 3579 1242 3641 ei
1258 3578 1403 3660 negotio,
1428 3601 1492 3663 quo

165 3680 206 3744 de
227 3678 346 3761 agitur,
369 3681 402 3735 et
423 3673 508 3757 quod
530 3673 721 3736 contrarium
744 3680 776 3735 et
798 3674 883 3757 quod
905 3671 1117 3755 disparatum,
1143 3680 1174 3736 et
1189 3694 1289 3756 genus
1311 3680 1344 3736 et
1364 3693 1438 3756 pars
1460 3681 1493 3739 et

166 3779 308 3839 eventus.
352 3768 452 3832 Maius
475 3775 505 3829 et
527 3768 628 3830 minus
651 3775 683 3830 ct
703 3787 803 3853 aequo
827 3786 973 3850 magnum
1005 3787 1045 3832 ex
1073 3769 1104 3830 vi
1126 3774 1157 3831 et
1179 3787 1221 3832 ex
1242 3786 1372 3829 numero
1396 3776 1430 3831 et
1450 3790 1493 3834 ex

165 3860 267 3944 figura
289 3861 425 3938 negotii,
460 3862 541 3925 sieut
563 3884 603 3926 ex
625 3869 743 3925 statura
766 3861 927 3943 eorporis,
959 3860 1185 3930 consideratur.
1228 3864 1280 3924 ta.
1304 3863 1413 3927 Simile
1436 3883 1493 3929 au-

166 3961 230 4019 tem
252 3976 293 4018 er
315 3956 421 4039 specie
445 3956 650 4038 comparabili
672 3964 726 4019 aut
748 3978 787 4020 ex
810 3954 1003 4021 conferenda
1032 3964 1125 4042 atque
1148 3952 1358 4020 assimulanda
1381 3965 1493 4024 natura

128 4052 332 4119 uindicatur.
378 4052 575 4116 Contrarium
598 4058 662 4126 est,
687 4048 772 4136 quod
793 4052 929 4135 positum
952 4053 984 4114 in
1007 4071 1124 4130 genere
1146 4050 1271 4115 diverso
1295 4051 1335 4112 ab
1358 4052 1490 4124 codem,

167 4143 218 4208 cui
247 4147 437 4211 contrarium
470 4166 539 4210 esse
569 4145 700 4221 dicitur,
733 4145 904 4231 plurimum
934 4145 1045 4222 distat,
1080 4154 1116 4210 ut
1137 4143 1236 4230 l'rigus
1258 4145 1373 4219 calori,
1409 4146 1493 4209 vitae

237 4317 262 4365 1.
280 4315 473 4376 praeterierunt
482 4315 515 4363 ll.
531 4338 562 4349 -
582 4314 608 4360 2.
622 4313 801 4363 obsoleverunt
814 4314 848 4374 P,
869 4313 1037 4363 absolverant
1049 4312 1082 4362 lt.
1098 4339 1129 4350 -
1149 4312 1175 4361 3.
1189 4314 1334 4363 numerali
1353 4320 1379 4364 et
1392 4326 1422 4365 er
1436 4314 1493 4364 altls

167 4383 246 4435 Saba
265 4398 403 4434 numerum
420 4385 520 4435 l’lt'l'll.
537 4408 566 4420 -
585 4384 612 4433 7.
632 4388 656 4433 at
674 4397 740 4447 quac
757 4399 829 4443 cem,
850 4391 878 4433 ut
896 4399 943 4447 ego
962 4388 1138 4443 contererem,
1159 4396 1228 4433 corr.
1248 4384 1285 4432 l’:
1308 4390 1331 4433 et
1350 4387 1492 4445 ramlera.

165 4454 242 4520 quoe)
259 4455 306 4505 at·
325 4463 351 4504 et
368 4469 408 4519 pr.
422 4455 457 4513 P,
476 4463 499 4506 et
519 4468 586 4519 quae
605 4455 669 4515 (om.
692 4455 759 4513 eum)
772 4455 827 4504 lili.
845 4480 871 4490 -
894 4455 936 4504 lt.
960 4455 1070 4504 Occasio
1089 4462 1178 4503 cratem
1195 4460 1233 4504 est
1251 4454 1363 4505 PART:
1385 4455 1493 4505 Occasio

166 4528 301 4575 muntem
318 4525 357 4585 V,
379 4527 486 4577 Occasio
504 4532 540 4574 est
559 4524 622 4586 (om.
638 4523 736 4584 cutem)
757 4525 834 4574 11.-
853 4525 896 4574 25.
917 4526 1000 4574 alicui
1016 4525 1080 4575 solet
1099 4524 1206 4575 rtur:
1227 4527 1292 4575 soter
1313 4526 1395 4575 alicui
1415 4525 1446 4574 ll.
1463 4551 1493 4562 -

165 4592 211 4644 33.
229 4596 322 4646 Modus
340 4603 430 4646 autem
447 4605 484 4646 art
502 4594 631 4645 vesal:
657 4594 753 4644 Modus
770 4600 805 4645 est
825 4593 887 4655 (om.
908 4593 1008 4656 cutem)
1034 4595 1065 4645 ll.
1096 4618 1125 4629 -
1158 4595 1202 4645 38.
1230 4597 1389 4646 Prudentiae
1407 4601 1495 4645 eutem

165 4664 238 4713 rotie
257 4665 366 4716 aaut:
395 4667 556 4719 Prudentiae
574 4666 647 4716 ratio
672 4664 737 4729 (om
761 4663 858 4726 cutem)
879 4665 909 4714 li.
934 4691 959 4702 -
989 4665 1033 4714 at.
1059 4667 1164 4730 negotio
1182 4672 1269 4715 cotem
1293 4666 1375 4716 ΡΑΤε
1406 4675 1495 4715 nutem

164 4736 271 4797 remotio
298 4736 379 4788 VltE.
409 4763 438 4775 -
472 4737 516 4789 35.
542 4739 630 4787 minus
654 4744 678 4787 et
696 4736 764 4799 quod
782 4750 861 4797 aeque
880 4749 1005 4798 magnum
1022 4736 1126 4786 Oronn.
1154 4739 1223 4794 duc,
1256 4737 1277 4786 B
1306 4737 1493 4794 Lindemannt,

165 4802 247 4926 alth:
275 4814 360 4925 ’ἤιε
378 4806 448 4871 qood
466 4821 551 4876 aequo
569 4820 695 4877 magam
708 4813 767 4870 post
778 4818 803 4858 r·
818 4807 907 4870 agitur
919 4807 1018 4858 babent
1030 4806 1155 4860 PARTE.
1173 4831 1200 4842 -
1222 4807 1267 4858 dt.
1282 4819 1333 4858 erse
1346 4821 1399 4858 om.
1413 4807 1493 4859 ΡΑΤ.

229 4880 273 4928 tut
340 4907 349 4927 .
