3232 5392
557 260 711 327 Lis-111.
755 258 789 329 C.
811 261 864 325 20.
891 261 944 324 ai.
968 262 1020 325 22.
1405 263 1447 327 ii

125 414 197 482 loco
225 417 415 484 constituere
442 425 567 502 oportet
588 440 698 485 manus
720 422 760 483 ad
783 418 902 485 caelum
925 419 1087 485 tollentem
1109 419 1302 495 Domitium,
1339 439 1448 485 cuma

125 512 265 596 Regibus
285 511 411 577 Marciis
430 511 509 579 loris
530 513 688 579 caedatur.
732 514 802 577 Hoc
830 513 913 589 erit,
952 517 1019 578 Iam
1039 516 1249 578 domuitionem
1275 533 1369 596 reges.
1413 515 1449 577 In

125 605 228 671 altero
249 605 320 672 loco
342 609 500 694 Aesopum
522 615 555 673 et
575 607 737 673 Cimbrum
760 607 782 687 †
816 605 982 673 subornari
1003 606 1216 693 Iphigeniam,
1245 609 1451 692 Agamemno-

125 720 199 764 nem
222 708 253 764 et
274 699 460 766 Menelaum.
504 703 574 767 Hoc
594 703 677 777 erit,
701 702 825 766 Atridae
840 711 966 785 paroni.
1019 701 1204 767 Haemode
1226 699 1331 767 omnia
1352 702 1451 766 verba

126 802 220 859 erunt
241 815 401 877 expressa.
448 798 511 860 Sed
532 799 611 861 baec
630 795 800 880 imaginum
822 794 1029 860 conformatio
1052 804 1117 859 tum
1139 795 1242 871 valet,
1277 794 1304 860 si
1326 803 1473 860 natum-⁵

126 887 191 954 lem
213 888 398 955 memoriam
421 889 712 955 exsuscitaverimus
734 886 791 953 bac
811 891 992 965 notatione,
1027 897 1078 965 ut.
1116 909 1209 955 versu
1229 888 1352 973 posito,
1391 887 1452 971 ipsi

127 985 292 1048 nobiseum
320 987 455 1067 primum
488 992 682 1068 transeamus
711 983 760 1047 bis
790 991 844 1047 aui
877 991 925 1047 ter
956 1004 1028 1048 eum
1063 1004 1205 1058 versum,
1244 980 1358 1048 deinde
1380 1000 1452 1046 cum

127 1075 318 1161 imaginibus
340 1079 436 1141 verba
458 1077 679 1160 exprimamus.
725 1079 793 1143 IIoc
815 1076 910 1142 modo
931 1085 1060 1142 naturae
1074 1075 1284 1162 suppeditabit
1297 1074 1451 1142 doctrina.

128 1171 245 1252 †Nam
276 1179 408 1257 utraque
436 1170 532 1236 altera
560 1180 703 1256 separata
731 1171 835 1236 minus
861 1173 922 1236 erit
950 1169 1059 1247 firma,
1096 1171 1139 1236 ita
1161 1180 1266 1237 tamen
1292 1181 1327 1237 ui
1355 1169 1454 1235 multo

127 1264 198 1351 plus
219 1263 253 1329 in
275 1265 419 1329 doctrina
439 1272 533 1351 atque
555 1274 622 1330 arte
643 1265 791 1350 praesidii
814 1265 863 1331 sit.
907 1264 999 1343 Quod
1021 1267 1136 1330 docere
1157 1286 1221 1331 non
1237 1287 1451 1351 gravaremur,
1464 1278 1491 1318 ¹⁰

129 1358 164 1422 ni
185 1367 414 1435 metueremus,
438 1379 502 1435 ne,
525 1380 596 1424 cum
618 1362 658 1424 ab
681 1360 822 1425 instituto
844 1368 952 1424 nostro
967 1359 1226 1436 recessissemus,
1251 1360 1354 1426 minus
1369 1381 1454 1427 com-

129 1451 224 1518 mode
245 1462 424 1519 servaretur
444 1457 522 1518 haec
542 1452 677 1519 dilucida
698 1452 834 1518 brevitas
856 1452 1098 1539 praeceptionis.

215 1552 266 1613 25.
288 1551 394 1623 Nunc,
417 1547 565 1634 quoniam
587 1547 668 1613 solet
688 1547 847 1621 accidere,
870 1557 905 1613 nt
926 1547 1076 1633 imagines
1098 1547 1212 1635 partim
1232 1546 1341 1615 firmae
1364 1558 1394 1615 et
1416 1552 1455 1615 ad

128 1641 320 1708 monendum
341 1640 475 1707 idoneae
497 1642 577 1718 sini,
599 1642 711 1728 partim
733 1639 909 1707 imbecillae
931 1649 962 1707 et
983 1641 1144 1719 infirmae,
1166 1664 1247 1729 quae
1268 1644 1321 1708 vix
1336 1663 1457 1709 memo·

128 1737 209 1802 riam
230 1736 351 1823 possint
373 1736 531 1813 excitare,
561 1758 622 1824 qna
645 1739 684 1800 de
705 1756 799 1802 causa
820 1744 987 1824 utrumque
1008 1735 1076 1812 liat,
1108 1736 1368 1802 considerandum
1391 1746 1493 1819 est;¹⁵

129 1841 182 1906 ut,
204 1830 327 1914 cognita
350 1851 459 1903 causa,
489 1852 566 1919 quus
588 1831 720 1897 vitemus
742 1840 774 1896 et
795 1852 872 1919 quus
893 1851 1063 1917 sequamur
1084 1830 1252 1916 imagines,
1283 1831 1363 1896 scire
1384 1851 1458 1916 pos-

131 1925 239 1990 simus.
281 1925 787 2012 xxii.1iocuigiturn0sipsa
816 1934 941 1999 natura,
976 1925 1051 2011 qnid
1084 1933 1229 2012 operteat
1258 1922 1337 1989 lieri.
1380 1928 1458 1989 Nam

131 2020 157 2086 si
181 2039 257 2107 quas
278 2039 332 2084 res
351 2018 386 2083 in
407 2018 470 2085 vita
492 2017 635 2084 videmus
656 2040 785 2105 parvas,
808 2018 954 2092 usitatas,
977 2018 1191 2105 quotidianas,
1213 2039 1266 2083 eas
1280 2017 1459 2084 meminisse

131 2135 196 2181 non
217 2113 374 2191 solemus;
403 2121 572 2199 propterea
594 2113 680 2200 quod
700 2113 783 2178 nulla
806 2111 865 2177 nisi
886 2132 967 2177 nova
989 2120 1042 2177 aut
1064 2110 1240 2178 admirabili
1262 2134 1298 2178 re
1321 2133 1460 2179 commo·

130 2220 224 2274 vetur
244 2207 373 2274 animus.
416 2215 454 2273 itt
475 2207 502 2272 si
524 2206 600 2293 quid
623 2211 763 2273 videmus
785 2215 838 2272 aut
860 2206 1003 2272 audimus
1026 2207 1153 2292 egregie
1176 2217 1267 2294 turpe
1289 2216 1341 2273 aut
1361 2210 1496 2273 hone-n

132 2312 234 2379 stum,
266 2301 466 2376 inusitatum,
496 2321 661 2387 magnum,
678 2301 891 2375 incredibile,
921 2299 1104 2375 ridiculum,
1136 2302 1169 2368 id
1197 2302 1251 2368 diu
1278 2300 1460 2367 meminisse

132 2395 364 2461 consuevimus.
423 2398 563 2480 Itemque
592 2417 669 2482 quaa
700 2416 754 2461 res
781 2405 851 2461 ante
881 2414 938 2460 ora
968 2395 1112 2461 videmus
1148 2406 1202 2461 aut
1235 2399 1320 2481 guod
1349 2414 1461 2461 reeens

133 2489 326 2565 audivimus,
349 2488 567 2556 obliviscimur
586 2490 790 2576 plerumque;
819 2511 900 2576 quae
922 2489 1103 2555 acciderunt
1124 2490 1156 2554 in
1177 2491 1330 2576 pueritia,
1353 2490 1462 2556 memi-

134 2589 235 2649 nimus
256 2584 374 2670 optime
396 2604 507 2670 saepe;
544 2606 602 2649 nec
631 2583 691 2650 boo
720 2584 779 2650 alia
801 2584 840 2650 de
862 2605 953 2650 causa
976 2593 1078 2671 potest
1099 2584 1259 2662 accidere,
1293 2583 1354 2648 nisi
1376 2587 1460 2670 quod

133 2678 265 2744 usitatae
287 2700 339 2745 rea
360 2677 452 2744 lacile
473 2700 491 2743 e
512 2679 665 2755 memoria
688 2676 871 2753 elabuntur,
909 2677 1044 2763 insignes
1072 2687 1103 2744 et
1124 2698 1225 2744 novae
1246 2688 1371 2743 manent
1392 2676 1499 2744 diu-2⁵

134 2775 205 2840 tius.
249 2777 300 2840 36.
339 2773 421 2838 Solis
451 2783 596 2846 exortus,
630 2794 756 2848 cursus,
790 2792 917 2837 occasus
946 2792 1040 2838 nemo
1069 2771 1258 2848 admiratur,
1294 2781 1462 2859 propterea

135 2867 221 2956 quod
242 2866 384 2955 qnotidie
406 2865 503 2945 liuni3
537 2877 568 2931 at
589 2867 719 2954 eclipses
741 2866 816 2933 solis
838 2870 1012 2941 mirantur,
1047 2866 1121 2951 quia
1140 2888 1216 2932 raro
1238 2865 1400 2943 accidunt,
1431 2873 1464 2932 et

135 2961 211 3028 solis
232 2960 363 3047 eclipses
384 2961 485 3046 magis
506 2960 660 3045 mirantur
681 2983 775 3049 quam
796 2960 903 3036 lunae,
925 2971 1095 3047 propterea
1111 2964 1197 3047 quod
1211 2960 1270 3026 bae
1285 2959 1464 3026 crebriores
1518 2972 1523 2979 '

136 3063 217 3122 aunt.
263 3059 362 3120 liocet
383 3077 461 3140 ergo
484 3076 517 3122 se
539 3066 650 3122 natura
671 3055 793 3141 vulgari
814 3063 845 3120 et
864 3057 975 3120 usitata
997 3075 1118 3119 aenon
1140 3054 1342 3130 exsuscitari,
1374 3053 1465 3122 nevi·

137 3159 198 3215 tate
220 3157 250 3214 et
272 3149 386 3236 insigni
408 3148 545 3236 quodam
566 3150 694 3236 negotio
716 3148 920 3215 commoveri.
967 3148 1109 3214 Imitetur
1130 3170 1181 3214 ars
1194 3149 1300 3234 'igitur
1320 3159 1502 3215 naturamao

137 3256 185 3321 et,
220 3244 304 3332 quod
335 3264 372 3310 ea
393 3243 569 3321 desiderat,
605 3244 763 3322 inveniat;
798 3241 885 3329 quod
912 3242 1066 3320 ostendit,
1101 3253 1261 3329 sequatur.
1305 3243 1389 3310 Nihil
1419 3252 1467 3310 est

139 3341 240 3417 enim,
274 3338 360 3426 qnod
390 3348 442 3405 aut
469 3348 581 3405 natura
603 3349 779 3405 extremum
800 3337 954 3404 invenerit
976 3347 1030 3404 ani
1051 3336 1194 3404 doctrina
1214 3336 1373 3424 primum;
1408 3342 1466 3404 sed

138 3455 244 3501 rerum
266 3432 420 3521 principia
442 3429 482 3498 ab
503 3432 630 3517 ingenio
651 3433 793 3519 prolecta
814 3440 906 3508 suut,
943 3429 996 3516 [et]
1020 3432 1125 3497 exitus
1147 3432 1309 3519 disciplina
1340 3451 1467 3518 compa-

139 3538 255 3596 rantur.
301 3533 353 3594 37.
392 3530 547 3613 Imagines
580 3528 678 3613 igitur
710 3549 768 3593 nos
795 3527 827 3592 in
855 3548 895 3592 eo
923 3546 1038 3610 genere
1071 3526 1262 3592 constituere
1294 3523 1464 3613 oportebit,

140 3627 226 3711 qnod
247 3643 347 3709 genua
369 3642 495 3687 manere
517 3620 549 3686 in
572 3621 724 3688 memoria
746 3620 918 3687 diutissime
939 3629 1052 3707 potest.
1098 3620 1133 3687 Id
1155 3620 1292 3697 accidet,
1324 3620 1352 3686 si
1373 3640 1504 3708 mamas

139 3717 275 3784 maxime
296 3724 418 3782 nonus
438 3714 656 3782 similitudines
678 3715 918 3794 constitnemns3
942 3717 968 3782 si
990 3735 1054 3781 non
1075 3724 1178 3782 mutas
1199 3735 1257 3782 nec
1278 3736 1388 3802 vagas,
1411 3718 1467 3782 sed

209 3881 237 3930 2.
256 3881 367 3944 liegibaa
379 3879 521 3932 Graculus:
540 3880 644 3945 regibus
662 3893 721 3930 cam
741 3878 825 3931 Codd.
847 3880 879 3930 Ε.
897 3902 927 3915 -
947 3877 974 3928 3.
993 3878 1135 3928 subornari
1148 3879 1299 3932 ennena:
1320 3880 1468 3931 subamara

141 3951 172 4003 ii.
209 3953 295 4003 Locus
314 3959 354 4002 esi
373 3952 543 4013 desperatus:
564 3959 715 4001 varietatem
735 3951 794 4001 vide
814 3954 840 4000 in
853 3948 1206 4011 Genesin-Oudendorpiaua
1223 3960 1250 4003 ei
1263 3955 1288 4001 in
1304 3951 1466 4014 Programnr.

142 4024 233 4073 Tarte.
255 4036 280 4072 a.
300 4021 395 4079 isia..
416 4037 446 4074 ea
464 4036 516 4084 qua
535 4021 643 4072 tortasse
664 4021 713 4071 boe
733 4021 835 4082 prodit:
865 4020 1008 4070 subornari
1025 4021 1054 4068 in
1073 4021 1238 4084 Iphigeniam
1256 4017 1469 4084 (immolandam)

141 4109 159 4142 a
179 4094 321 4144 caietann
338 4093 557 4154 Agamemnonem
569 4099 593 4142 ei
605 4092 762 4143 Menelaum.
781 4089 965 4154 (subornatum
984 4096 1091 4154 ogerum
1108 4091 1272 4155 Iphigeniam
1289 4089 1425 4152 bladam.)
1437 4112 1469 4127 ··

142 4164 169 4214 8.
189 4164 400 4229 mgpeditobiiur
418 4164 498 4223 Pii,
518 4163 548 4212 I..
578 4187 608 4199 -
636 4163 663 4213 9.
682 4163 749 4214 Nam
776 4160 839 4225 ceti]
870 4163 920 4212 Ilia
939 4176 1045 4224 guoque
1065 4161 1137 4213 iocus
1162 4170 1270 4226 propter
1294 4163 1469 4223 multiplicem

143 4235 203 4287 leat.
224 4238 376 4286 varietatem
396 4247 501 4296 prorsus
521 4236 636 4285 incertus
649 4239 697 4283 esi.
736 4232 769 4282 Ut
787 4246 851 4293 noa,
872 4231 910 4281 s:
932 4230 978 4282 sed
992 4231 1042 4281 inii
1054 4239 1115 4283 aute
1135 4238 1322 4296 numairogue
1334 4232 1367 4282 ab
1381 4233 1470 4281 altera

143 4311 272 4369 separata
290 4308 378 4353 minna
394 4304 444 4355 erit
461 4304 554 4370 {ismae
581 4310 641 4354 aui:
670 4317 734 4352 nam
752 4309 863 4366 nirugne
880 4316 913 4352 aa
930 4299 985 4362 (ab)
1002 4302 1088 4352 altera
1102 4309 1202 4364 parata
1219 4303 1308 4364 magia
1325 4304 1374 4353 erit
1392 4303 1471 4367 pansa

143 4378 222 4436 Sam,
241 4375 282 4426 vel
299 4377 386 4424 minua
404 4377 455 4424 arii
473 4375 597 4441 inpium,-
616 4381 677 4423 auia
697 4388 761 4422 nam
778 4382 890 4437 nirague
904 4374 984 4424 aliem
996 4382 1153 4435 comparata
1170 4370 1305 4436 (gepaartl
1322 4376 1408 4435 magia
1419 4375 1471 4422 erit

143 4448 221 4513 firma
238 4444 406 4509 (comparata
424 4446 504 4496 babet
523 4445 570 4508 Α).
608 4445 675 4494 Vide
702 4443 900 4496 Gremio-Oui.
921 4451 947 4494 et
965 4442 1055 4506 Progr.
1078 4443 1143 4493 Tur.
1166 4467 1193 4478 ·-
1223 4443 1266 4492 ai.
1286 4443 1469 4494 imbecillae?

145 4523 172 4568 ei
189 4517 242 4570 duo
261 4517 385 4581 Grypbii:
416 4516 552 4567 imbeciltes
579 4527 639 4564 anm
666 4519 759 4566 ceteris
784 4516 814 4566 Ε.
841 4541 873 4552 -
903 4515 947 4564 21.
967 4511 1120 4575 ridiculum]
1147 4513 1322 4576 periculosum
1342 4516 1362 4564 Ii
1382 4514 1470 4566 etalii

145 4589 275 4640 nonnulii.
293 4611 325 4624 —
352 4587 397 4637 22.
418 4595 464 4637 ant
483 4583 564 4652 gaad]
583 4592 612 4636 at
627 4585 697 4648 gaad
715 4582 752 4645 (in
772 4586 874 4644 rasura)
892 4584 929 4644 P,
949 4590 978 4632 at
995 4583 1067 4649 guod
1084 4584 1130 4633 AT
1150 4593 1176 4634 ei
1193 4581 1335 4646 (superser.
1357 4585 1415 4648 ant)
1431 4586 1469 4645 li,

30 4678 34 4685 ¹
145 4668 169 4710 ei
187 4657 259 4722 (eine
276 4656 356 4723 guod)
374 4658 412 4717 II,
432 4665 480 4708 ant
499 4660 568 4716 (sine
586 4654 664 4720 guod)
682 4654 735 4706 as.
757 4680 787 4692 -
807 4668 894 4707 aecana
912 4655 1002 4705 ΑΒΗ
1021 4654 1186 4706 escorni:
1207 4668 1259 4705 om.
1274 4669 1362 4705 recena
1380 4656 1426 4706 iiii
1444 4663 1472 4710 ai

146 4744 186 4793 pr.
200 4718 283 4780 Ii.‘-
302 4729 346 4778 2³.
366 4729 516 4779 audiuimus
535 4726 685 4777 isurun:
705 4727 828 4776 andimus
848 4727 878 4777 ll.
899 4751 931 4763 -
949 4725 992 4775 28.
1012 4730 1153 4787 propterea
1171 4724 1242 4788 guod
1256 4725 1387 4777 Panna:
1406 4740 1471 4792 gna·

144 4802 219 4852 niam
236 4798 291 4850 uli.
311 4823 342 4836 ·-
371 4799 413 4850 30.
433 4799 578 4863 anigitur
596 4796 654 4846 Pi:
679 4796 762 4860 igitar
780 4811 826 4847 ara
844 4796 946 4846 ABRE.
966 4792 1044 4856 (argo
1061 4808 1107 4844 ara
1125 4795 1172 4857 T.)
1193 4822 1221 4833 -
1251 4795 1294 4845 33.
1315 4806 1339 4849 et
1358 4812 1411 4858 om,
1428 4810 1468 4860 pr.

146 4871 182 4932 P,
200 4883 231 4922 aa
251 4870 283 4921 de
303 4870 417 4923 Ernesti!
437 4873 535 4930 auspic.
555 4868 617 4919 seb.
654 4866 708 4918 Itos
734 4869 897 4925 aaeiusimus.
923 4886 956 4903 -
986 4863 1030 4915 aa.
1049 4871 1158 4917 notatae
1179 4866 1215 4923 u,
1245 4867 1351 4923 codices
1369 4868 1473 4934 aliquoi

148 4941 348 5008 Oudendorpii,
367 4941 420 4999 ina
438 4938 507 5009 (ΑΒ)
526 4939 718 5005 Lindemanni,
737 4938 871 5003 interpres
891 4935 1006 4991 Graecus
1019 4947 1027 4987 a
1042 4942 1122 4991 notai
1140 4936 1286 4993 iniuria.
