3232 5392
590 242 666 306 Llll.
688 240 743 304 111.
787 240 820 306 C.
844 240 872 305 1.
894 240 925 305 2.
946 239 978 304 3.
1400 240 1440 305 35

127 413 261 489 propter
292 408 473 467 extraneam
500 419 624 465 cansam
656 398 781 464 veniunt
809 399 844 463 in
870 397 1141 474 consultationem,
1178 405 1213 462 ut
1239 397 1266 463 si
1293 395 1443 463 deliberet

125 509 251 564 senatus
273 495 356 562 bello
377 495 501 569 italico,
524 494 616 560 sociis
638 493 794 559 civitatem
816 492 882 568 det,
904 512 944 558 an
964 512 1037 559 non.
1079 497 1116 558 ln
1137 490 1250 578 quibus
1274 491 1375 557 causis
1395 496 1443 556 rei

125 603 236 657 natura
253 591 345 656 saciet
359 588 628 663 deliberationem,
652 586 752 653 omnis
774 586 875 653 oratio
896 586 935 652 ad
950 587 1049 671 ipsam
1063 607 1131 653 rem
1146 583 1444 652 accommodabitur.

126 690 160 751 ln
183 684 298 770 quibus
319 695 468 750 extranea
491 703 582 748 causa
605 680 748 747 conficiet
769 679 1039 756 deliberationem,
1075 683 1108 748 in
1136 681 1183 747 his
1205 703 1242 747 ea
1263 681 1330 766 ipsa
1352 703 1444 748 causa

127 780 188 845 erit
209 776 390 862 adaugenda
411 789 464 843 aut
485 777 700 862 deprimenda.
742 778 929 841 &Omnem
951 777 1126 843 orationem
1149 796 1276 852 eorum,
1299 777 1354 862 qui
1375 791 1466 842 sen-⁵

127 878 254 938 tentiam
284 872 402 947 dicent,
435 869 527 935 linem
556 871 615 935 sibi
645 869 809 935 conveniet
834 868 973 935 utilitatis
995 891 1189 958 proponere,
1226 882 1261 937 ut
1283 871 1385 938 omnia
1406 892 1445 937 eo

127 971 223 1031 totins
244 965 395 1032 orationis
416 965 497 1030 ratio
519 964 707 1030 conteratur.
750 962 867 1030 Utilitas
888 964 921 1028 in
943 968 1019 1029 duas
1039 958 1146 1048 partis
1166 965 1199 1031 in
1221 965 1305 1033 civili
1324 965 1447 1032 consul·

129 1061 245 1126 tatione
267 1058 430 1133 dividitur,
468 1068 564 1124 tumm
586 1069 616 1124 et
636 1063 808 1128 honestam.
851 1061 929 1122 Tuta
953 1071 1014 1134 est,
1048 1081 1127 1144 quae
1159 1058 1446 1128 coniicitinstantis

127 1167 181 1222 aut
202 1158 420 1239 consequentis
440 1153 572 1238 periculi
593 1153 773 1220 vitationem
802 1150 940 1238 qualibet
965 1151 1100 1219 ratione.
1144 1159 1230 1220 llaec
1251 1155 1448 1222 distribuitur

127 1248 161 1314 in
183 1249 246 1313 vim
268 1257 300 1313 et
321 1247 444 1326 dolnm;
467 1268 603 1331 quorum
624 1256 678 1312 aut
697 1247 831 1313 alterum
853 1245 1020 1330 separatim
1039 1255 1092 1313 aut
1106 1257 1273 1333 utrumque
1288 1271 1446 1316 sumemus
1456 1269 1483 1308 1⁰

127 1343 329 1411 coniunctim.
377 1342 432 1408 Vis
464 1341 642 1408 decernitur
674 1362 732 1424 per
764 1339 936 1416 exercitus,
973 1341 1100 1418 classes,
1137 1365 1239 1418 arma,
1276 1352 1448 1421 tormenta,

128 1438 327 1504 evocationes
357 1436 519 1503 bominum
547 1447 578 1501 et
602 1435 677 1500 alias
699 1433 878 1501 huiusmodi
900 1453 962 1500 res.
1005 1435 1103 1502 Dolus
1125 1439 1318 1504 consumitur
1339 1439 1371 1504 in
1393 1460 1449 1524 pe·

128 1535 240 1607 cunia,
275 1529 520 1615 pollicitatione,
555 1527 817 1603 dissimulatione,
847 1528 1071 1606 maturatione,
1100 1532 1261 1599 mentione
1283 1544 1314 1598 et
1335 1533 1448 1599 ceteris

127 1625 237 1700 rebus,
260 1623 435 1709 dequibus
457 1623 555 1711 magis
577 1623 692 1690 idoneo
713 1632 856 1707 tempore
877 1622 1060 1707 loquemur,
1082 1623 1251 1710 siquando
1273 1626 1312 1692 de
1333 1648 1369 1693 re
1391 1628 1449 1692 mi·

126 1719 209 1786 litari
242 1728 296 1785 aut
323 1717 362 1783 de
391 1716 657 1784 administratione
687 1717 736 1783 rei
764 1715 907 1801 publicae
937 1715 1077 1782 scribere
1106 1720 1257 1786 volemus.
1311 1724 1485 1788 Honesta¹⁵

127 1836 180 1880 res
204 1812 353 1878 dividitur
374 1811 407 1877 in
427 1820 548 1876 rectum
571 1821 602 1877 et
622 1810 786 1881 laudabile.
828 1815 957 1876 Rectum
979 1820 1043 1885 est,
1081 1811 1166 1896 quod
1188 1836 1259 1881 cum
1281 1816 1396 1882 virtute
1418 1828 1449 1882 et

127 1907 236 1974 cilicio
257 1906 301 1972 bt.
347 1906 383 1971 ld
404 1904 554 1972 dividitur
575 1906 607 1970 in
637 1905 850 1989 prudentiam,
883 1904 1046 1981 iustitiam,
1078 1905 1309 1982 fortitudinem,
1341 1914 1450 1976 mode-

127 2002 229 2067 stiam.
273 1998 438 2066 Prudentia
468 2007 515 2064 cst
544 1999 711 2076 calliditas,
744 2021 825 2084 quae
853 2000 975 2066 ratione
1004 2001 1137 2085 quadam
1168 2012 1272 2088 potest
1294 2005 1449 2071 delectum

128 2094 249 2178 babere
269 2093 425 2160 bonorum
448 2103 479 2157 et
500 2092 665 2158 malorum.
708 2094 831 2159 Dicitur
856 2092 930 2160 item
952 2097 1118 2182 prudentia
1139 2098 1268 2164 scientia
1289 2099 1448 2166 cuiusdam

127 2188 262 2255 artificii.
304 2192 343 2254 Et
363 2186 539 2271 appellatur
559 2187 723 2273 prudentia
744 2208 852 2253 rerum
873 2188 1041 2256 multarum
1062 2193 1214 2259 memoria
1229 2203 1260 2258 et
1274 2215 1350 2260 usus
1364 2215 1486 2259 com-no

128 2282 268 2367 plurium
291 2283 500 2367 negotiorum.
543 2281 660 2347 lustitia
684 2289 731 2348 est
752 2281 893 2366 aequitas
913 2281 962 2348 ius
988 2284 1043 2350 uni
1076 2285 1189 2370 cuique
1217 2287 1356 2353 tribuens
1389 2309 1448 2373 pro

128 2376 278 2462 dignitate
307 2375 469 2461 cuiusque.
511 2375 674 2443 Fortitudo
702 2387 749 2442 est
776 2397 884 2443 rerum
913 2398 1094 2462 magnarum
1116 2382 1269 2465 appetitio
1290 2390 1322 2447 et
1341 2404 1448 2448 rerum

128 2471 294 2537 humilium
325 2469 516 2553 contemptio
541 2479 572 2535 et
594 2469 710 2536 laboris
732 2491 803 2536 cum
823 2470 963 2537 utilitatis
984 2473 1106 2540 ratione
1127 2477 1299 2562 perpessio.
1341 2481 1448 2543 blode-

129 2565 189 2630 stia
217 2575 265 2630 cat
290 2565 321 2630 in
350 2564 455 2630 animo
482 2564 643 2630 continens
671 2563 846 2631 moderatio
867 2564 1081 2649 cupiditatum.
1125 2572 1182 2634 lll.
1205 2574 1238 2636 1.
1262 2573 1448 2638 Prudentiae

127 2657 271 2746 partibus
292 2669 418 2724 utemur
437 2658 469 2723 in
491 2657 639 2734 dicendo,
671 2659 697 2724 si
725 2655 889 2724 commoda
912 2681 983 2725 cum
1005 2660 1212 2729 incommodis
1234 2664 1485 2743 conteremus,as

129 2774 200 2819 cum
223 2753 353 2819 alterum
376 2752 485 2836 sequi,
517 2753 616 2819 vitare
637 2752 769 2818 alterum
792 2751 1045 2834 cohortabimur;
1080 2766 1134 2822 aut
1154 2757 1180 2823 si
1203 2779 1264 2842 qua
1286 2758 1318 2823 in
1338 2780 1375 2825 re
1396 2780 1450 2825 co·

129 2847 326 2915 hortabimur
352 2846 486 2931 aliquid,
520 2846 610 2912 cuius
638 2846 686 2912 rei
711 2846 848 2931 aliquam
875 2845 1129 2934 disciplinabilem
1152 2851 1310 2918 scientiam
1332 2855 1448 2940 poteri·

129 2963 198 3008 nus
228 2946 357 3018 babere,
394 2939 555 3025 quomodo
575 2949 629 3007 aut
650 2962 712 3026 qua
741 2940 879 3024 quidque
908 2947 1029 3009 ratione
1054 2943 1124 3010 lieri
1146 2955 1310 3028 oporteat;
1347 2949 1447 3015 antei

129 3035 329 3104 suadebimus
360 3035 535 3122 quidpiam,
572 3037 660 3103 cuius
691 3035 740 3100 rei
778 3044 883 3119 gestae
920 3044 973 3101 aut
1001 3047 1195 3122 praesentem
1225 3051 1278 3106 ant
1309 3042 1447 3107 auditam

129 3132 314 3199 memoriam
335 3130 508 3217 poterimus
529 3129 663 3204 habere,
685 3152 748 3215 qua
768 3130 801 3195 in
822 3148 857 3193 re
878 3126 969 3195 facile
990 3130 1040 3208 id,
1064 3134 1149 3217 quod
1170 3134 1318 3212 velimus,
1341 3158 1484 3203 erem-sc

129 3227 182 3314 plo
203 3226 297 3293 allato
318 3229 508 3312 persuadere
528 3226 695 3312 possimus.
739 3223 879 3290 Iustitiae
899 3222 1041 3306 partibus
1062 3236 1204 3301 utemur,
1238 3229 1264 3294 si
1285 3230 1443 3296 antinno

130 3322 265 3388 centium
286 3327 341 3387 aut
361 3318 536 3403 supplicum
559 3317 702 3386 misereri
722 3316 862 3384 dicemus
883 3328 1049 3403 oportere;
1085 3321 1113 3386 si
1139 3322 1342 3390 ostendemus
1366 3322 1447 3391 bene

130 3413 322 3482 merentibus
350 3414 481 3498 gratiam
507 3412 621 3479 reterri
650 3412 835 3489 convenire;
871 3410 899 3480 si
928 3411 1210 3483 demonstrabimus
1236 3417 1344 3484 ulcisci
1367 3419 1447 3486 male

130 3509 260 3578 meritos
279 3518 444 3596 oportere;
477 3507 622 3575 silidam
649 3529 763 3592 magno
784 3530 883 3591 opere
904 3507 1100 3576 censebimus
1122 3511 1381 3590 conservandam
1420 3514 1445 3579 si

129 3605 216 3691 leges
237 3615 270 3671 et
290 3625 394 3670 mores
415 3603 547 3670 civitatis
568 3607 695 3688 egregie
721 3603 861 3668 dicemus
888 3609 1038 3690 oportere
1065 3605 1199 3683 servari;
1235 3606 1262 3675 si
1283 3606 1484 3679 societates„

130 3710 223 3785 atque
243 3697 392 3764 amicitias
412 3697 551 3765 studiose
573 3699 713 3764 dicemus
734 3696 795 3763 coli
815 3696 999 3776 convenire;
1032 3696 1076 3772 si,
1105 3703 1190 3782 quod
1211 3697 1259 3765 ius
1281 3704 1314 3765 in
1336 3721 1448 3786 paren·

129 3805 192 3868 tes,
216 3792 308 3869 deos,
329 3791 461 3879 patriam
482 3801 593 3858 natura
613 3791 820 3875 comparavit,
842 3790 874 3856 id
894 3791 1043 3873 religiose
1064 3791 1229 3858 colendum
1253 3792 1447 3861 demonstra-

129 3886 251 3965 bimns;
273 3888 299 3950 si
312 3887 466 3970 hospitia,
491 3883 668 3961 clientelas,
692 3885 911 3970 cognationes,
934 3885 1098 3952 affinitates
1118 3896 1201 3953 caste
1216 3888 1362 3954 colendas
1378 3911 1446 3954 esse

130 3983 286 4058 dicemus;
319 3980 346 4044 si
368 3999 426 4044 nec
447 3999 541 4064 prece
561 3999 621 4045 nec
641 3979 743 4065 pretio
765 4001 824 4045 nec
845 3979 943 4064 gratia
964 3999 1022 4045 nec
1043 3981 1185 4065 periculo
1208 4003 1267 4048 nec
1288 3984 1444 4049 simultate

130 4098 149 4143 a
170 4076 222 4143 ria
242 4081 328 4140 recta
348 4074 549 4141 ostendemus
571 4073 684 4140 deduci
705 4083 867 4160 oportere;
901 4078 927 4139 si
949 4073 1087 4140 dicemus
1108 4075 1140 4140 in
1164 4077 1310 4142 omnibus
1331 4099 1483 4164 aequa-so

129 4170 195 4238 bile
208 4173 258 4234 ius
279 4168 372 4235 statui
385 4169 565 4236 convenire.
610 4167 667 4234 His
682 4176 774 4253 atque
795 4168 974 4235 huiusmodi
995 4168 1138 4254 partibus
1159 4171 1293 4237 iustitiae
1309 4170 1334 4236 si
1352 4192 1444 4258 quam

202 4337 245 4387 10.
264 4347 375 4399 quorum
386 4335 499 4386 dmum
513 4330 575 4396 (orn.
587 4331 645 4397 nat)
658 4333 712 4383 PT.
725 4356 757 4372 -
776 4334 819 4383 11.
837 4335 994 4384 discernitur
1005 4336 1040 4395 F,
1060 4336 1092 4384 1..
1113 4359 1144 4372 -
1163 4336 1206 4386 15.
1225 4336 1334 4386 velimus
1346 4337 1444 4387 PFRT.

129 4428 165 4444 -
181 4407 226 4457 2⁰.
247 4407 281 4456 Et
298 4405 402 4456 PAFT:
422 4406 486 4457 Item
505 4405 582 4456 butt.
604 4428 634 4441 -
664 4419 751 4454 rerum
767 4404 913 4454 multorum
930 4404 1032 4456 PFRT:
1050 4406 1197 4456 multorom
1214 4419 1301 4455 rerum
1319 4407 1395 4457 ΑΒΕ.
1410 4431 1445 4444 -·

130 4475 175 4527 21.
195 4477 229 4527 V.
248 4478 289 4527 tus
306 4477 576 4528 sectusltllrnasttus.
612 4475 736 4526 Usttattus
758 4488 820 4526 sana
847 4477 914 4525 toret
937 4489 1028 4533 soum,
1057 4480 1096 4527 utl
1123 4477 1277 4540 algntllcrrtt
1302 4476 1445 4529 Lambtnus

131 4551 222 4600 pesclo
247 4561 299 4611 qua
325 4551 479 4599 auctoritate
505 4548 586 4599 edens
609 4547 652 4596 tus
677 4558 754 4595 auam
779 4547 930 4608 unicuiqae.
960 4571 989 4584 -
1018 4547 1063 4596 21.
1081 4560 1170 4596 aarum
1192 4555 1252 4598 ante
1272 4560 1296 4598 r.
1311 4549 1445 4598 bonitium

132 4632 185 4668 om.
199 4618 266 4671 cod.
281 4617 351 4667 l’ltb.
367 4641 400 4654 ·-
425 4618 469 4667 28.
484 4618 591 4670 bodera.
611 4617 742 4681 quomodo
753 4642 764 4653 ·
775 4622 942 4678 --oportent
960 4616 1063 4666 PAFT:
1084 4618 1190 4675 bodera,
1209 4624 1233 4666 at
1246 4619 1395 4679 quomodo·
1410 4645 1421 4656 ·
1433 4644 1446 4658 ·

132 4696 255 4753 mersans
274 4685 368 4750 (posatt
385 4687 434 4748 ll),
453 4689 617 4738 ostendemus
635 4687 713 4736 BRB.
745 4711 777 4723 -
804 4685 848 4736 31.
866 4699 1004 4749 possumus
1022 4688 1121 4737 esur.
1147 4710 1183 4724 -
1206 4687 1250 4737 31.
1269 4690 1388 4740 muneri
1405 4691 1445 4740 di·

133 4773 218 4810 camur
227 4758 377 4810 PABFRT:
390 4758 632 4809 dtcmusmtrerart
642 4758 672 4807 ll.
686 4780 715 4792 -
730 4755 773 4806 35.
784 4759 1015 4819 eportmamcors'
1025 4756 1150 4807 rarus:
1169 4761 1273 4808 saronas·
1285 4767 1404 4823 oportere
1415 4761 1445 4811 a.

133 4831 177 4890 (a.
193 4845 246 4882 nm.
259 4828 405 4899 oportere.)
429 4854 460 4867 -
490 4830 533 4879 38.
553 4828 662 4879 colendo
686 4827 968 4890 vernemetis,
994 4829 1069 4890 prob.
1089 4827 1160 4880 0ud.
1188 4853 1219 4868 -
1246 4830 1290 4884 40.
1311 4831 1447 4898 osquobtlo

133 4901 253 4971 (negante
270 4899 305 4968 lt)
323 4901 364 4954 itte
380 4898 529 4953 Passer:
554 4902 596 4952 ius
614 4897 747 4965 aequabile
765 4897 795 4948 11.
