3216 5400
199 222 261 287 100
680 220 733 285 DE
755 217 1000 287 INVENTIONE

197 401 309 446 causae
330 384 435 463 potest
456 379 638 443 convenire.
685 379 932 454 Commutalrile,
956 380 1042 464 quod
1063 379 1104 441 als
1119 376 1301 442 adversario
1319 384 1424 463 potest
1444 376 1523 443 levi-

197 483 247 539 ter
267 481 420 538 mutatum
442 493 481 537 ex
510 476 667 538 contraria
696 482 786 555 parte
812 473 885 539 dici.
931 476 1091 557 Longum,
1128 475 1213 558 quod
1242 475 1386 558 pluribus
1416 475 1523 538 verbis

195 579 249 635 eut
271 570 431 635 sententiis
460 569 543 632 ultra
564 589 659 655 quam
679 570 753 633 satis
776 576 824 632 est
844 568 1038 650 producitur.
1095 568 1294 652 Separatum,
1335 565 1420 652 quod
1457 588 1523 631 nou

195 685 236 728 ex
258 662 326 748 ipsa
347 683 441 727 causa
461 663 587 726 ductum
610 668 657 725 est
678 682 738 725 nec
760 664 841 725 sicut
862 663 990 746 aliquod
1006 658 1184 726 membrum
1198 681 1356 725 annexum
1371 661 1520 726 orationi.

172 756 390 823 sTranslatum
412 763 480 834 est,
516 759 601 843 quod
632 757 718 819 aliud
744 753 886 829 conficit,
920 775 1014 840 quam
1044 776 1156 819 causae
1179 774 1277 838 genus
1297 758 1452 841 postulat:
1487 764 1523 819 ut

193 852 220 916 si
242 853 297 938 qui
319 852 455 917 docilem
484 848 580 916 iaciat
606 847 801 925 auditorem,
837 870 908 913 cum
937 850 1189 915 benevolentiam
1224 870 1318 913 causa
1347 849 1519 925 desiderat,

193 953 248 1010 aut
269 947 296 1010 si
317 945 471 1032 principio
492 952 618 1017 utatur,
654 964 726 1007 eum
753 941 995 1008 insinuationem
1023 965 1076 1009 res
1097 945 1246 1026 postulat.
1292 947 1406 1011 Contra
1428 965 1522 1031 prae-

192 1050 283 1125 cepta
305 1049 371 1117 est,
396 1043 482 1126 quod
504 1037 582 1104 nihil
604 1058 715 1102 sonim
738 1035 853 1112 efficit,
877 1058 1012 1122 quorum
1035 1059 1129 1102 causa
1144 1036 1337 1103 de'exordiis
1351 1048 1522 1126 praecepta

192 1138 378 1212 traduntur3
402 1138 463 1198 hoc
486 1141 549 1208 est,
579 1130 666 1216 quod
687 1153 774 1206 eum,
803 1133 857 1216 qui
878 1133 982 1206 audit,
1012 1153 1115 1217 neque
1138 1132 1327 1198 benevolum
1349 1156 1452 1220 neque
1475 1143 1522 1199 at-

153 1236 312 1294 sutentum
340 1248 444 1316 neque
474 1226 609 1293 docilem
638 1223 752 1303 efficit3
787 1233 860 1299 aut,
894 1246 957 1312 quo
986 1228 1064 1291 nihil
1092 1225 1236 1310 proiecto
1264 1229 1354 1312 peius
1377 1236 1449 1304 est,
1484 1237 1522 1294 ut

193 1332 301 1391 contra
322 1326 378 1401 sit,
401 1322 487 1388 lacit.
532 1324 578 1386 Ac
599 1320 639 1386 de
660 1321 793 1386 exordio
816 1317 943 1403 quidem
965 1320 1038 1385 satis
1062 1324 1179 1385 dictum
1201 1329 1258 1387 est.

275 1421 363 1483 XIX.
401 1421 454 1482 27.
489 1419 634 1483 Narratio
658 1426 706 1482 est
726 1424 884 1501 gestarum
906 1436 1013 1480 rerum
1034 1424 1088 1479 aut
1108 1425 1143 1480 ut
1165 1425 1322 1500 gestarum
1344 1415 1517 1503 expositio.

191 1511 414 1577 Narrationum
442 1534 561 1596 genera
588 1511 647 1577 tria
675 1520 769 1575 sunt:
802 1530 900 1574 unum
924 1530 1023 1594 genus
1044 1517 1110 1584 est,
1140 1509 1174 1574 in
1196 1531 1260 1597 quo
1283 1512 1352 1594 ipsa
1373 1531 1465 1576 causa
1488 1519 1522 1575 et

192 1604 293 1669 omnis
316 1607 396 1671 ratio
419 1607 653 1672 controversiae
676 1608 869 1682 continetur;
906 1606 1054 1677 alterum,
1088 1606 1121 1668 in
1151 1625 1214 1690 quo
1237 1606 1390 1690 digressio
1413 1606 1521 1691 aliqua

153 1719 183 1761 ιι
193 1705 282 1763 extra
314 1720 439 1764 causam
470 1707 523 1765 aut
552 1699 780 1765 criminationis
810 1707 864 1764 aut
888 1698 1099 1764 similitudinis
1131 1707 1184 1763 sut
1210 1698 1426 1766 delectationis
1455 1720 1521 1765 non

191 1793 313 1857 alienae
334 1794 374 1856 ab
397 1816 435 1860 eo
457 1795 608 1880 negotio,
641 1815 705 1880 quo
734 1788 773 1859 de
802 1795 928 1878 agitur,
959 1801 1014 1860 aut
1034 1793 1284 1879 amplificationis
1307 1816 1401 1871 causa
1422 1796 1520 1859 inter-

189 1890 327 1974 ponitur.
372 1891 514 1955 Tertium
537 1911 636 1974 genus
659 1897 705 1954 est
726 1897 884 1954 remotum
905 1909 923 1953 a
945 1889 1091 1953 civilibus
1114 1891 1233 1964 causis,
1263 1892 1349 1975 quod
1380 1888 1520 1954 delecta·

189 1984 284 2047 tionis
311 2003 404 2047 eausa
436 2003 502 2049 non
528 1982 631 2049 inutili
662 2005 734 2048 eum
765 1982 988 2048 exercitatione
1021 1982 1136 2047 dicitur
1164 1990 1196 2047 et
1228 1982 1387 2049 scribitur.
1442 1985 1520 2047 Eius

189 2085 296 2162 partes
318 2084 391 2142 sunt
412 2080 510 2154 duae,
535 2098 669 2163 quarum
692 2078 790 2159 altera
811 2080 845 2142 in
867 2078 1023 2162 negotiis,
1048 2079 1148 2141 altera
1168 2079 1202 2141 in
1218 2080 1363 2160 personis
1379 2075 1518 2142 maxime

152 2178 342 2237 adversatur.
398 2175 461 2247 Ea,
496 2192 576 2257 quae
598 2173 631 2236 in
653 2174 853 2256 negotiorum
877 2172 1074 2256 expositione
1096 2171 1199 2257 posita
1225 2181 1293 2249 est,
1329 2181 1393 2237 tres
1419 2174 1520 2238 habet

190 2274 314 2350 partes,
337 2264 490 2344 fabulam,
516 2266 698 2343 historiam,
723 2273 953 2351 argumentum.
999 2264 1117 2331 Fabula
1138 2274 1203 2345 est,
1225 2268 1258 2331 in
1273 2288 1336 2354 qua
1349 2289 1410 2332 nec
1424 2286 1519 2332 verae

190 2381 249 2426 nec
270 2359 338 2426 veri
361 2361 478 2427 similes
499 2382 552 2427 res
575 2363 792 2436 continentur,
817 2358 992 2426 cuiusmodi
1012 2369 1076 2427 est:

315 2475 435 2558 Angues
453 2477 586 2559 lugentes
605 2476 710 2550 uls'tee,
732 2476 828 2538 iuacts'
847 2475 918 2557 lupo
940 2509 982 2522 -

191 2598 332 2664 Historia
353 2606 401 2663 est
422 2607 510 2685 gesta
531 2620 602 2674 res,
626 2599 666 2662 als
690 2597 799 2662 aetatis
820 2605 948 2662 nostrae
969 2594 1122 2662 memoria
1137 2604 1275 2676 remota;
1299 2598 1385 2684 quod
1399 2615 1517 2682 genus:

152 2748 180 2790 ss
316 2721 431 2805 Appius
451 2723 568 2786 indixit
588 2721 883 2804 Kurtlmps'us'euss'bu'
905 2720 1023 2785 bellum.

189 2847 419 2930 Argumentum
444 2853 491 2910 est
518 2843 589 2909 ficta
617 2864 685 2921 res,
722 2864 804 2928 quae
825 2850 930 2908 tamen
949 2842 1020 2907 fieri
1042 2839 1154 2927 potuit.
1213 2839 1402 2907 Huiusmodi
1433 2844 1518 2929 apud

190 2938 371 3005 Terentium
384 2959 392 3003 :

315 3054 395 3117 Num
415 3053 443 3116 s‘s
458 3059 618 3136 postquam
640 3050 766 3115 excessit
786 3069 825 3113 ec
846 3049 975 3132 ephebis,
998 3050 1088 3114 Sosio
1108 3083 1150 3097 -

190 3164 247 3231 Illa
269 3172 373 3229 autem
394 3165 554 3240 narratio,
585 3185 665 3248 quae
687 3168 832 3228 versatur
853 3163 885 3226 in
907 3164 1069 3249 personis,
1099 3160 1256 3228 eiusmodi
1278 3169 1343 3238 est,
1366 3171 1402 3227 ut
1422 3162 1456 3228 in
1480 3183 1518 3228 ea

153 3297 181 3338 ,ο
191 3259 283 3325 simul
314 3280 385 3325 cum
412 3262 507 3324 rebus
536 3257 612 3344 ipsis
642 3277 849 3343 personarum
871 3279 1033 3324 sermones
1056 3264 1087 3324 et
1108 3257 1203 3324 animi
1225 3256 1360 3346 perspici
1382 3259 1516 3343 possint,

190 3357 251 3420 hoc
273 3355 391 3417 modo:

320 3467 400 3530 Veuit
421 3466 461 3530 uel
481 3487 527 3530 sue
547 3487 633 3549 saepe
654 3466 826 3531 clamitans:
852 3467 933 3545 Qutt
952 3468 1037 3551 epis,
1062 3468 1178 3533 Micio?

315 3563 378 3626 Cur
393 3563 498 3644 perdis
518 3563 727 3633 adolescentem
747 3563 857 3625 notis?
878 3581 933 3626 cur
953 3564 1061 3626 emat?

318 3658 380 3721 Cur
395 3659 507 3738 potat?
527 3675 583 3720 cur
604 3664 636 3720 tu
655 3657 704 3720 lis
725 3657 811 3721 rebus
832 3663 981 3738 sumptum
1002 3658 1161 3740 supperisl

152 3799 180 3843 π
319 3754 428 3816 Vestitu
448 3753 542 3815 nimio
561 3752 711 3834 indulges,
732 3753 860 3815 nimium
879 3752 996 3833 ineptus
1017 3773 1057 3821 es.

315 3847 451 3911 Nimium
472 3847 534 3928 ipse
554 3853 597 3909 est
617 3846 712 3909 dumus
727 3855 852 3929 praeter
873 3867 1052 3930 aequumque
1074 3854 1102 3911 et
1120 3847 1238 3911 bouum.

188 3969 257 4034 Hoc
289 3965 323 4032 in
354 3987 471 4052 genere
502 3969 691 4033 narrationis
721 3967 818 4033 multa
847 3970 943 4034 debet
968 3969 1072 4034 inesse
1100 3966 1273 4043 festivitas,
1308 3964 1517 4035 coniectast

187 4084 294 4129 rerum
324 4064 493 4140 varietate,
534 4065 710 4128 animorum
740 4062 1012 4139 dissimilitudine,
1052 4064 1220 4147 gravitate,
1261 4060 1404 4137 lenitate,
1447 4083 1515 4145 spe,

257 4252 283 4301 1.
305 4249 492 4302 Commututstle
508 4250 597 4303 PAT:
628 4249 814 4302 commutabile
832 4257 870 4300 est
887 4251 970 4301 VRE.
991 4273 1020 4288 -
1052 4252 1079 4301 2.
1099 4251 1217 4318 Longum
1235 4250 1310 4302 Voss.
1332 4253 1375 4301 l.=
1394 4251 1517 4314 Longum

187 4327 226 4374 est
243 4321 394 4373 vrnnrtt.
410 4348 439 4358 -
460 4321 486 4371 ³.
506 4321 666 4385 Separatum
684 4321 794 4372 rant:
815 4322 974 4383 Separatum
990 4327 1029 4374 est
1047 4321 1149 4371 1111-
1167 4324 1193 4374 1.
1214 4324 1262 4386 gui
1278 4322 1348 4374 1111
1369 4328 1395 4373 et
1414 4336 1452 4383 pr.
1475 4323 1513 4372 P:

187 4395 247 4459 puts
266 4393 320 4443 VB.
340 4416 371 4431 -
388 4392 514 4443 desideret
533 4418 545 4430 -
562 4422 577 4433 -
592 4393 709 4454 postulet
727 4393 851 4443 vetur.
874 4418 903 4428 -
930 4394 958 4443 7.
975 4398 1146 4455 praeceptum
1164 4395 1221 4446 vlt.
1241 4418 1273 4430 -
1305 4395 1350 4444 to.
1369 4393 1435 4442 ullstl
1452 4407 1517 4455 pro·

187 4465 254 4528 fecto
272 4462 383 4513 PART:
407 4461 527 4525 prosectu
545 4462 611 4513 ntttt
630 4463 661 4512 E.
688 4487 720 4499 -
751 4463 794 4514 12.
819 4470 1063 4528 gestorumresum
1082 4464 1167 4525 VAT,
1188 4463 1303 4517 utlnlrn
1323 4464 1400 4515 etde
1419 4463 1467 4514 Or.
1486 4465 1514 4524 1,

189 4534 250 4584 11.ε
270 4541 512 4599 rerumgestarum
530 4533 608 4583 PRE.
628 4558 661 4568 -
692 4533 736 4584 13.
760 4547 859 4599 gessere
877 4537 932 4583 tvs'o
950 4542 1011 4584 sunt
1028 4534 1137 4585 eant:
1165 4540 1220 4588 teto
1237 4541 1300 4585 suut
1317 4548 1412 4598 penesu
1430 4534 1461 4584 ll.
1484 4558 1513 4570 -

189 4603 233 4655 to.
252 4605 284 4654 1ο
301 4619 354 4669 guo
367 4605 424 4656 111.
439 4630 470 4641 -
490 4605 533 4655 25.
548 4601 660 4668 Appius]
681 4605 728 4654 Est
745 4602 855 4656 fortasse
870 4604 947 4655 Ennll
963 4607 1124 4662 sersleulusz
1144 4608 1171 4656 tn
1191 4612 1286 4660 ceteris
1299 4607 1360 4656 edd.
1376 4619 1422 4666 pm
1437 4614 1515 4666 prose

188 4687 228 4724 or.
248 4675 421 4725 1111111.-
447 4675 491 4726 33.
511 4672 662 4737 ctamtsuus]
682 4679 720 4725 stc
738 4688 830 4726 ornnes
849 4675 923 4736 ltbrt,
944 4681 1021 4727 ettam
1041 4680 1133 4728 nostrl.
1172 4678 1201 4728 ln
1222 4678 1282 4730 Ter.
1303 4678 1355 4727 11.
1376 4678 1402 4732 1,
1422 4677 1448 4736 1,
1468 4676 1513 4726 35.

187 4743 322 4795 Bentletus
340 4746 467 4797 clumam.
486 4771 517 4783 -
538 4745 581 4796 31.
601 4750 720 4807 sumptus
737 4747 775 4804 R,
795 4754 824 4796 ut
842 4748 960 4797 nonnullt
979 4747 1048 4807 apud
1068 4750 1232 4799 Terentlum.
1253 4773 1287 4782 -
1310 4746 1353 4797 31.
1374 4754 1412 4796 est
1429 4747 1515 4796 durus

187 4814 234 4869 ΔΤ
248 4820 275 4863 et
287 4829 326 4877 pr.
341 4814 371 4875 P,
391 4824 420 4866 ut
432 4817 519 4868 edltur
531 4817 601 4878 opud
614 4816 675 4868 Ter.
687 4831 694 4865 s
707 4830 733 4866 ss
745 4818 827 4866 turus
840 4817 863 4866 11
877 4825 904 4868 ιιι
916 4831 983 4868 corr.
998 4817 1029 4875 P,
1043 4818 1125 4867 durus
1138 4823 1176 4867 est
1190 4819 1220 4871 ll.
1240 4841 1266 4852 -
1287 4817 1331 4867 37.
1346 4816 1515 4867 debellemus

187 4885 298 4937 rant:
317 4884 480 4940 inessemus
493 4886 526 4940 ll.
551 4911 580 4928 ·-
600 4887 644 4940 38.
658 4887 764 4941 leuitate
775 4887 851 4941 Letd.
865 4887 888 4940 1.
902 4887 964 4940 scta.
991 4886 1025 4938 Ut
1036 4901 1099 4952 nos,
1118 4893 1210 4941 nostrl.
1226 4888 1280 4943 cn.
1299 4888 1332 4940 sd
1351 4887 1418 4939 ller.
1438 4889 1465 4952 1,
1483 4887 1511 4940 8.
