3232 5392
432 251 510 316 Llll.
534 250 590 316 lll.
637 249 672 316 C.
696 253 748 322 23.
771 253 824 319 st.
868 252 944 324 ΠΒ.
967 255 1020 321 IV.
1067 251 1102 317 G.
1128 254 1156 318 1.
1407 249 1449 319 49

125 413 224 476 rimos
257 413 344 476 locos
376 418 411 474 ut
439 408 556 476 habeas
584 417 616 476 et
645 432 739 497 mam
773 411 908 478 maxime
936 417 976 480 nd
997 419 1165 500 praecepta
1187 415 1448 488 accommodatos,

125 525 238 570 curare
262 502 403 571 debebis.
456 507 493 570 lu
515 505 702 589 imaginibus
726 506 916 573 collocandis
938 505 1082 573 exerceri
1110 505 1251 591 quotidie
1272 508 1447 571 conveniet.

126 604 196 664 Non
224 599 329 673 enim,
365 601 447 664 sicut
476 619 495 663 n
517 603 629 665 ceteris
651 599 761 665 studiis
782 599 968 667 abducimur
988 621 1213 685 nonnunquam
1235 602 1450 687 occupatione.

125 695 201 758 item
222 697 262 758 ab
286 697 342 758 lrac
362 713 399 757 re
421 713 478 757 nos
500 702 604 779 potest
625 714 717 759 causa
740 697 895 760 deducere
917 696 1030 781 aliqua.
1081 700 1246 778 Nunquam
1274 702 1322 759 est
1353 697 1449 769 enim,

126 788 202 872 quin
224 787 340 874 aliquid
360 786 534 852 memoriae
564 792 688 853 tradere
718 788 849 854 velimus
882 798 914 854 et
945 798 1011 855 turn
1045 791 1202 865 maxime,
1241 808 1312 853 cum
1345 787 1473 871 aliquos

125 881 247 945 maiore
268 880 396 965 negotio
418 880 604 947 detinemur.
662 885 767 960 Quare
789 906 860 949 curn
882 885 923 948 sit
942 883 1019 948 utile
1040 883 1131 948 facile
1155 882 1352 956 meminisse,
1387 901 1453 946 non

125 986 157 1039 te
178 976 280 1050 fallit,
319 980 403 1060 quod
433 984 518 1041 tauto
546 996 643 1062 opere
672 976 749 1042 utile
782 978 839 1054 sit,
875 986 992 1063 quanto
1025 975 1134 1042 labore
1163 977 1202 1042 sit
1222 973 1451 1062 appetendum

126 1072 212 1154 quod
233 1072 352 1155 poteris
374 1070 577 1146 existimare,
616 1070 748 1136 utilitate
770 1070 906 1159 cognita.
962 1070 1108 1137 Pluribus
1139 1070 1245 1135 verbis
1267 1073 1307 1134 ad
1330 1090 1398 1135 earn
1421 1079 1453 1133 te

125 1164 246 1228 hortari
268 1185 331 1228 non
353 1173 400 1227 est
421 1164 595 1241 sententie,
635 1186 674 1230 ne
703 1176 756 1231 aut
784 1175 839 1231 tuo
862 1164 967 1231 studio
991 1163 1086 1229 diffisi
1107 1172 1161 1230 out
1192 1164 1318 1241 minus,
1358 1185 1452 1249 quam

125 1279 176 1322 res
207 1261 363 1342 postulat,
394 1256 510 1324 dixisse
539 1262 714 1325 videamur.
767 1264 814 1325 lle
844 1263 953 1346 quinta
975 1268 1071 1344 parte
1099 1261 1274 1323 rhetoricae
1304 1260 1453 1340 deinceps
1464 1282 1490 1324 ιο

125 1351 288 1416 dicemus:
312 1362 347 1417 tu
367 1355 484 1436 primas
506 1374 646 1440 quasque
669 1362 774 1438 partes
790 1357 822 1420 in
838 1358 944 1421 animo
959 1356 1124 1440 frequenta
1140 1361 1190 1429 et,
1214 1355 1300 1437 quod
1315 1355 1452 1418 maxime

125 1467 255 1512 necesse
278 1456 346 1525 est,
370 1451 595 1513 exercitatione
616 1447 778 1514 confirma.

600 2007 981 2080 RHETORICORUM

762 2150 813 2208 Al)

471 2279 525 2370 o.
565 2224 1107 2391 HERENNHJM

583 2459 736 2520 nuncu
764 2457 996 2540 ounnrus.

126 2828 151 2893 l.
175 2831 204 2892 1.
242 2806 411 2913 Quoniam
433 2830 465 2893 in
487 2831 549 2894 hoc
570 2831 671 2907 libro,
694 2832 854 2908 Herenni,
878 2833 918 2896 dc
940 2830 1119 2896 elocutione
1142 2830 1387 2914 conscripsimus
1407 2840 1451 2907 et,

127 2925 242 3007 quibus
272 2925 305 2987 in
326 2925 422 2988 rebus
444 2944 525 3006 opus
546 2925 606 2988 tuit
627 2929 782 3009 exemplis
804 2929 868 3002 uti,
906 2927 1021 2989 nostris
1044 2926 1200 3009 exemplis
1222 2929 1271 2990 usi
1293 2950 1400 2993 sumus
1422 2936 1454 2994 et

126 3019 158 3081 id
179 3018 312 3082 fecimus
332 3025 458 3101 praeter
479 3019 738 3085 consuetudinem
762 3021 975 3095 Graecorum,
1011 3022 1065 3105 qui
1096 3022 1135 3085 de
1165 3023 1225 3085 hac
1254 3044 1289 3086 re
1317 3025 1489 3107 scripse-¹⁶

127 3121 217 3187 runt,
241 3113 418 3177 necessario
441 3112 619 3178 laciendum
641 3121 706 3190 est,
731 3122 766 3179 ut
786 3114 894 3198 paucis
909 3117 1062 3179 rationem
1078 3117 1178 3180 nostri
1194 3116 1316 3181 consilii
1332 3122 1451 3183 demus.

126 3211 227 3291 Atque
250 3205 310 3271 lroc
331 3229 390 3271 nos
411 3210 647 3273 necessitudine·
663 3209 787 3284 lacere,
811 3230 876 3272 non
898 3211 1023 3286 studio,
1055 3211 1130 3273 satis
1152 3212 1212 3274 erit
1233 3211 1334 3295 signi,
1365 3216 1451 3298 quod

127 3300 158 3365 in
180 3299 396 3384 superioribus
427 3303 519 3366 libris
550 3302 630 3366 nihil
657 3324 761 3388 neque
795 3309 867 3366 ante
894 3321 963 3366 rem
993 3320 1095 3386 neque
1117 3312 1244 3385 praeter
1264 3325 1332 3369 rem
1354 3305 1453 3371 locuti

127 3416 244 3460 sumus.
288 3398 397 3472 Nunc,
432 3399 460 3460 si
480 3419 599 3481 pauca,
634 3417 714 3483 quae
735 3415 786 3462 res
807 3398 962 3479 postulat,
993 3397 1185 3473 dixerimus,
1213 3399 1270 3461 tibi
1293 3400 1343 3474 id,
1365 3402 1453 3484 quod

126 3491 282 3575 reliquum
298 3498 346 3555 est
359 3489 452 3566 artis,
468 3489 530 3568 ita,
547 3500 582 3556 ut
595 3490 806 3566 instituimus,
822 3493 1050 3573 persolvemus.
1097 3493 1159 3556 Sed
1173 3492 1296 3559 facilius
1311 3503 1489 3559 nomano

127 3583 280 3650 rationem
302 3586 472 3670 intelliges,
496 3588 522 3650 si
544 3588 651 3670 prius,
675 3588 750 3670 quid
772 3585 818 3650 illi
839 3585 963 3662 dicant,
987 3588 1187 3670 cognoveris.

210 3681 432 3763 Compluribus
455 3684 493 3746 de
516 3680 618 3746 causis
639 3689 750 3764 putant
771 3688 939 3764 oportere,
963 3700 1033 3744 cum
1055 3679 1114 3766 ipsi
1128 3684 1362 3766 praeceperint,
1386 3704 1450 3767 quo

126 3784 218 3860 pacto
242 3785 388 3860 oporteat
408 3797 522 3843 ornare
545 3777 780 3852 elocutionem,
814 3775 906 3841 unius
936 3777 1088 3860 cuiusque
1116 3779 1240 3860 generis
1262 3780 1302 3842 ab
1325 3788 1451 3843 oratore

126 3878 180 3934 aut
200 3878 293 3954 poeta
316 3874 448 3957 probato
471 3881 630 3955 sumptum
652 3893 773 3955 ponere
795 3869 987 3952 exemplum.
1032 3874 1072 3935 Et
1101 3871 1237 3954 primum
1266 3893 1300 3938 sc
1327 3871 1361 3937 id
1383 3893 1450 3936 mo-

127 3965 227 4030 destia
248 3975 423 4031 commotos
444 3966 548 4031 tacere
570 3966 700 4041 dicunt,
733 3974 900 4050 propterea
921 3967 1007 4051 quod
1028 3964 1172 4032 videatur
1193 3988 1262 4032 esse
1283 3965 1486 4032 ostentatioss

126 4062 280 4146 quaedam
302 4080 366 4125 non
388 4059 462 4126 satis
483 4063 602 4126 habere
624 4059 806 4144 praecipere
829 4061 868 4124 de
890 4057 1039 4133 artificio,
1062 4061 1226 4126 sedetiam
1248 4064 1334 4144 ipsos
1349 4057 1450 4124 videri

126 4153 206 4219 velle
228 4151 396 4220 artificiose
417 4154 545 4240 gignere
567 4154 731 4238 exempla:
761 4156 823 4218 hoc
846 4162 909 4230 est,
932 4153 1095 4240 inquiunt,
1130 4163 1286 4220 ostentare
1308 4174 1360 4229 se,
1383 4173 1449 4217 non

126 4252 293 4323 ostendere
314 4259 424 4315 artem.
466 4253 498 4314 2.
523 4252 629 4327 Quare
644 4252 747 4331 pudor
760 4247 916 4330 imprimis
930 4258 977 4312 est
991 4252 1031 4312 ad
1046 4269 1114 4313 eam
1129 4270 1196 4314 rem
1210 4248 1447 4332 impedimento,

125 4366 166 4409 nc
188 4365 247 4410 nos
269 4347 355 4410 solos
376 4347 528 4429 probare,
562 4366 621 4408 nos
642 4362 767 4418 amare,
797 4340 881 4405 alios
902 4349 1103 4407 contemnere
1126 4351 1158 4408 et
1179 4344 1322 4408 deridere
1343 4339 1449 4405 videa·

126 4459 208 4503 mur.
252 4442 378 4504 Etenim
399 4460 469 4504 cum
491 4437 648 4522 possimus
669 4440 708 4501 ab
731 4435 831 4502 Ennio
855 4445 1012 4522 sumptum
1034 4445 1088 4503 aut
1113 4459 1132 4504 a
1154 4439 1295 4502 Graccho
1326 4454 1485 4521 ponerem

194 4641 222 4692 ἢ.
243 4644 362 4694 concessit
379 4642 482 4703 esur,
510 4642 646 4693 concmtot
662 4640 696 4689 tt.
724 4664 754 4676 -
781 4640 809 4689 t.
828 4641 889 4690 ltem
907 4638 986 4691 PFT:
1014 4642 1055 4692 ito
1073 4638 1173 4691 nono.
1194 4660 1229 4676 -
1258 4636 1284 4689 8.
1304 4637 1374 4704 qood
1392 4649 1445 4687 cm.

126 4710 170 4762 tr
188 4720 215 4765 et
234 4727 273 4776 pr.
288 4713 319 4762 P.
342 4738 370 4751 -
402 4713 446 4763 1³.
466 4712 583 4763 Herenni
608 4710 756 4766 Pnnrur.
784 4716 814 4761 ut
834 4712 961 4762 le.ll.:
984 4709 1010 4759 C.
1030 4713 1145 4761 Herenni
1170 4710 1198 4760 ll.
1219 4733 1254 4744 —
1283 4710 1326 4760 tt.
1346 4710 1446 4758 nostris

128 4783 250 4847 aemplls
268 4796 329 4834 cnm
347 4784 430 4836 Codd.
445 4784 531 4835 adhuc
550 4785 618 4833 notts
637 4786 715 4833 ettam
734 4781 881 4831 rtnrnr:
900 4784 998 4833 nostris
1015 4781 1036 4832 E
1055 4786 1123 4832 cont.
1146 4805 1175 4816 -
1195 4781 1239 4831 20.
1259 4783 1300 4832 uti
1317 4781 1355 4839 ll,
1374 4779 1448 4830 l..-

127 4854 170 4904 22.
190 4857 331 4917 disputem
348 4855 392 4906 AF
412 4861 438 4907 et
456 4854 521 4906 Cod.
535 4852 633 4906 ltlsdtc.
654 4851 727 4915 prob.
750 4851 871 4903 Grncrto.
893 4876 923 4888 -
942 4853 986 4903 id.
1008 4855 1085 4903 ettam
1102 4854 1174 4917 ipsos
1186 4851 1268 4915 ests,
1289 4856 1314 4903 st
1329 4853 1359 4902 tn
1375 4851 1448 4916 ipsos

127 4923 166 4986 Α,
185 4931 209 4976 st
225 4926 298 4988 ὄρεσι
315 4925 351 4990 Ε,
369 4929 442 4991 ipsos
459 4928 537 4978 sttom
556 4925 592 4986 ll,
611 4926 681 4987 ipsos
700 4934 752 4975 om.
767 4924 846 4975 ctiam
864 4922 897 4975 Τ.
920 4948 947 4962 -
968 4923 1013 4975 27.
1034 4926 1119 4989 lnquit
1137 4925 1166 4975 1³.

183 5032 323 5079 eamne
1058 5029 1081 5093 4
