3232 5392
161 187 225 253 too
564 184 794 253 outcome
815 185 1080 256 rannnottss

163 341 340 412 temnendis
360 344 533 413 bonoribus
553 351 586 411 et
605 343 827 415 liberalitatem
846 346 961 417 eunuc
982 356 1016 416 et
1035 348 1254 420 lortitudiuem
1266 351 1401 418 sudaria
1415 350 1488 418 imi·

162 447 247 507 tatur
266 446 301 507 et
320 440 502 527 patientiam
530 441 645 505 duritia
673 438 822 507 immania
837 450 870 510 ct
887 442 1040 512 iustitiam
1059 449 1218 513 acerbitas
1239 456 1273 512 et
1292 447 1487 532 religionem

162 533 343 622 superstitio
365 543 398 600 et
417 533 578 600 leuitatem
599 532 732 601 mollitia
759 537 856 603 animi
876 546 910 604 et
929 541 1150 607 normandiam
1177 541 1327 607 timiditas
1349 549 1382 606 et
1401 539 1488 606 illam

163 627 341 716 disputandi
370 627 569 713 prudentiam
596 631 791 697 concertatio
817 632 1015 719 captatioque
1036 639 1207 702 verbomm
1227 644 1260 703 et
1279 639 1363 702 bane
1381 645 1489 702 orato-

139 723 241 792 sriam
263 726 326 792 rim
346 722 448 790 inanis
468 721 621 810 quaedam
638 723 826 810 prolluentia
838 726 1000 815 loquendi.
1044 729 1161 795 Studiis
1174 739 1280 796 auum
1294 729 1387 796 bonis
1401 730 1488 798 simi-

161 819 205 887 lia
225 819 371 886 videntur
392 838 450 894 ea,
484 839 565 906 quae
594 827 665 886 sunt
691 821 724 885 iu
751 820 862 887 eodem
892 841 1009 907 genere
1035 823 1140 890 nimia
1182 827 1236 891 82.
1272 824 1487 904 Quamobrem

162 917 264 981 omnis
285 914 333 980 vis
354 910 501 980 laudandi
521 912 781 1001 vituperandique
803 936 845 982 ex
866 914 915 982 bis
936 925 1080 984 sumetur
1099 920 1251 985 vimulum
1271 922 1487 1007 vitiorumque

161 1007 318 1097 partibus;
340 1010 397 1074 sed
416 1007 451 1074 in
472 1013 541 1073 toto
562 1010 653 1094 quasi
673 1018 825 1076 contextu
845 1006 996 1077 orationis
1016 1014 1095 1077 baec
1116 1020 1210 1078 eruut
1223 1013 1407 1080 illustranda
1420 1035 1488 1081 ma-

162 1104 266 1181 xime,
282 1105 546 1191 quemadmodum
560 1103 693 1191 quisque
706 1114 889 1189 generatus,
903 1103 1169 1192 quemadmodum
1186 1105 1356 1184 educetur,
1376 1131 1487 1197 quem·

124 1217 153 1259 aa
162 1198 332 1264 admodum
359 1196 518 1263 institutus
545 1207 748 1285 moratusque
774 1198 889 1279 lueritr
926 1208 979 1278 et,
1013 1201 1040 1266 si
1069 1201 1145 1288 quid
1176 1202 1228 1268 cui
1256 1223 1407 1288 magnum
1433 1213 1487 1271 aut

161 1289 346 1358 incredibile
367 1289 531 1367 acciderit,
553 1289 753 1380 maximeque
773 1294 801 1361 si
828 1295 862 1363 id
882 1293 1031 1362 divinitus
1049 1295 1200 1362 accidisse
1213 1296 1356 1384 potuerit
1368 1294 1484 1378 rideri3
1531 1338 1536 1347 ·

161 1393 228 1453 tum
255 1383 341 1474 quod
368 1388 501 1473 quisque
528 1387 678 1462 senserit,
711 1387 847 1467 dixerit,
885 1390 1032 1475 gessori,
1064 1389 1184 1468 adea,
1218 1411 1300 1478 quae
1320 1391 1486 1476 proposita

162 1489 248 1558 sunt,
283 1483 431 1548 virtutum
455 1501 571 1568 genera
590 1487 930 1560 accommodabuntur,
964 1504 1006 1549 ex
1026 1483 1151 1570 illisque
1172 1484 1285 1551 iisdem
1306 1485 1487 1553 inveniendi

162 1577 241 1645 locis
262 1595 375 1647 cauma
395 1597 505 1644 rerum
525 1584 558 1643 et
578 1586 708 1645 eventus
730 1586 762 1644 et
782 1579 1006 1666 consequentia
1025 1579 1238 1666 requirentur.
1282 1583 1395 1667 Neque
1410 1600 1485 1646 rere

125 1690 250 1742 tamon
279 1693 408 1748 eorum,
444 1692 580 1759 quorum
606 1674 670 1738 vita
697 1671 895 1749 laudabitur,
931 1673 1056 1739 silentio
1084 1674 1248 1760 praeteriri
1276 1673 1425 1751 debebit,
1459 1676 1486 1740 si

161 1770 259 1835 modo
287 1770 363 1856 quid
390 1766 452 1833 erit
478 1766 789 1834 animadvertendum
817 1775 871 1834 aut
896 1766 929 1834 in
950 1767 1019 1855 ipso
1042 1787 1160 1854 genere
1181 1767 1293 1835 mortis
1315 1778 1370 1836 aut
1390 1768 1424 1835 in
1444 1770 1483 1834 iis

161 1865 275 1938 rebus,
299 1880 379 1950 quae
399 1868 628 1946 postmortem
650 1870 743 1927 erunt
763 1871 961 1931 consecutae.

245 1959 358 2051 XXIV.
379 1957 432 2022 83.
469 1958 504 2023 C.
527 1959 561 2022 F.
582 1959 697 2043 Accepi
716 1956 777 2022 ista
797 1956 955 2043 didicique
976 1954 1131 2033 breviter,
1156 1976 1220 2022 non
1241 1954 1345 2023 solum
1376 1977 1486 2044 quem·

162 2051 331 2120 admodum
360 2049 521 2116 laudarem
548 2049 696 2125 alterum,
742 2055 797 2117 sed
831 2054 925 2117 etiam
963 2050 1227 2137 quemadmodum
1264 2050 1418 2127 eniterer,
1450 2060 1487 2119 ut

125 2165 286 2234 ”possem
306 2145 374 2232 ipae
395 2146 465 2212 iure
482 2143 612 2211 laudari.
655 2143 824 2212 Videamus
838 2144 935 2230 igitur
949 2144 1112 2231 deinceps,
1133 2145 1168 2211 iu
1181 2145 1341 2212 sententia
1353 2145 1488 2212 dicenda

162 2262 255 2329 quam
277 2240 360 2306 viam
382 2250 413 2306 et
434 2260 515 2326 quae
536 2249 703 2326 praecepta
723 2247 895 2306 teneamus.
942 2239 976 2304 C.
991 2241 1026 2310 P.
1047 2243 1103 2304 Est
1121 2239 1217 2325 igitur
1231 2241 1264 2304 in
1280 2238 1485 2307 deliberando

161 2335 231 2403 linis
252 2335 385 2412 utilitas,
416 2336 572 2421 adquam
594 2333 699 2400 omnia
719 2333 763 2400 ita
784 2333 965 2400 reseruntur
985 2335 1018 2398 iu
1040 2332 1169 2399 consilio
1194 2336 1298 2399 dando
1320 2336 1489 2400 sententia·

162 2454 224 2519 que
246 2431 396 2507 dicenda,
417 2438 454 2496 ut
472 2429 525 2495 illa
548 2430 647 2515 prima
671 2432 733 2495 sint
753 2428 876 2495 suasori
897 2436 952 2494 aut
973 2427 1144 2492 dissuasori
1165 2426 1315 2503 videnda,
1337 2427 1414 2514 quid
1436 2437 1490 2495 aut

162 2528 263 2612 possit
294 2525 363 2591 lieri
395 2530 451 2588 ant
483 2543 546 2589 non
575 2522 675 2606 possit
703 2531 735 2588 et
764 2522 841 2610 quid
867 2532 921 2589 aut
946 2542 1075 2589 necesse
1102 2524 1144 2586 sit
1169 2529 1224 2587 aut
1255 2541 1319 2588 nou
1348 2543 1488 2594 necmse.

125 2624 242 2686 ”Nam
264 2626 312 2696 et,
336 2621 363 2684 si
384 2615 460 2704 quid
482 2616 563 2684 ellici
583 2639 649 2684 nou
670 2627 793 2702 potest,
817 2617 1001 2684 deliberatio
1017 2615 1155 2692 tollitur,
1179 2618 1322 2702 quamvis
1336 2616 1415 2682 utile
1430 2620 1490 2698 sit;

164 2723 214 2792 et,
237 2714 265 2781 si
292 2715 368 2799 quid
389 2732 518 2779 neccsse
538 2720 638 2778 est-
659 2733 789 2779 necesse
811 2714 969 2779 autemid
990 2719 1055 2787 est,
1079 2713 1146 2776 siue
1168 2732 1231 2796 quo
1254 2709 1332 2776 salvi
1353 2711 1489 2778 liberive

167 2831 237 2878 esse
258 2830 324 2876 non
344 2829 512 2893 possumus
525 2843 584 2884 -,
607 2807 641 2874 id
655 2816 703 2874 est
716 2807 846 2895 reliquis
860 2817 892 2873 et
911 2807 1129 2874 honestatibus
1150 2807 1183 2871 iu
1204 2805 1288 2871 cirili
1310 2808 1435 2872 ratione
1458 2816 1490 2873 ct

165 2901 339 2971 commodis
361 2901 627 2987 anteponendum.
671 2906 726 2970 at.
757 2905 833 2969 Cum
855 2911 960 2968 autem
982 2902 1164 2988 quaeritur,
1186 2903 1262 2987 quid
1283 2898 1353 2966 fieri
1375 2900 1487 2987 possit,

163 3000 337 3067 ridendum
364 2999 456 3062 etiam
485 3004 550 3074 est,
588 3017 681 3082 quam
701 2997 794 3062 iacile
816 2998 927 3080 possit.
971 2999 1052 3061 Nam
1074 3016 1155 3081 quae
1176 2993 1375 3081 perdifficilia
1396 3005 1487 3073 sunt,

128 3095 294 3180 toperinde
316 3089 458 3158 habenda
480 3113 575 3176 saepe
596 3101 688 3168 sunt,
711 3112 748 3157 ac
770 3091 900 3158 sicilici
920 3112 985 3159 uon
1005 3093 1139 3177 possint.
1183 3095 1309 3156 Etcum
1324 3094 1364 3156 de
1380 3111 1490 3156 ueces-

164 3189 256 3253 sitate
284 3184 498 3263 attendemus,
532 3189 591 3252 etsi
620 3184 741 3272 aliquid
770 3207 834 3251 nco
862 3188 1076 3253 necessarium
1102 3185 1277 3262 ridebitur,
1313 3184 1486 3252 videndum

164 3290 270 3347 umen
292 3282 366 3355 erit,
389 3302 482 3366 quam
504 3283 544 3347 sit
564 3301 723 3366 magnum.
768 3281 862 3358 Quod
884 3281 968 3348 enim
989 3281 1153 3366 permagni
1174 3283 1327 3356 interest,
1353 3300 1413 3364 pro
1436 3301 1491 3346 ne·

165 3379 302 3444 cessario
324 3392 419 3460 saepe
439 3378 584 3442 babetur.
627 3378 680 3440 85.
705 3378 814 3462 ltaque
836 3395 908 3441 cum
930 3385 1051 3443 constet
1071 3378 1133 3442 boc
1154 3396 1253 3461 genus
1267 3396 1435 3441 causarum
1450 3397 1491 3441 ex

165 3472 312 3540 suasione
334 3479 366 3537 et
386 3469 601 3549 dissuasione,
625 3469 749 3536 suasori
769 3472 957 3557 proponitur
978 3473 1110 3557 simplex
1131 3472 1231 3535 ratio:
1256 3471 1282 3534 si
1305 3480 1338 3534 et
1352 3469 1428 3535 utile
1443 3477 1491 3535 est

128 3577 198 3634 aret
218 3565 288 3632 lieri
310 3573 426 3652 potest,
448 3564 512 3631 fiat.
556 3567 735 3631 Dissuasori
757 3563 891 3654 duplex:
925 3587 1004 3642 una,
1034 3567 1065 3630 si·
1083 3586 1147 3629 non
1169 3566 1248 3629 utile
1270 3571 1333 3639 est,
1357 3586 1397 3628 ne
1417 3563 1489 3644 fiat;

165 3666 280 3739 altera,
301 3660 413 3728 sifieri
429 3682 492 3725 nou
515 3668 636 3745 potest,
659 3682 699 3724 ne
721 3659 919 3743 suscipiatur.
965 3662 1017 3724 Sic
1040 3660 1163 3725 suasori
1184 3667 1353 3744 utrumque
1374 3660 1490 3724 docen-

166 3762 328 3833 domest,
362 3755 533 3822 dissuasori
555 3757 689 3820 alterum
712 3752 872 3819 infirmare
893 3761 941 3819 sat
962 3762 1021 3819 est.
1066 3756 1118 3818 86.
1153 3753 1259 3830 Quare
1286 3754 1436 3837 quoniam
1456 3753 1490 3817 in

166 3853 215 3918 his
234 3859 379 3919 versatur
400 3872 494 3915 omne
516 3849 681 3915 consilium
704 3847 843 3924 duobus,
867 3852 906 3914 de
928 3848 1061 3914 utilitate
1082 3855 1154 3913 aute
1177 3850 1335 3923 dicamus,
1360 3846 1490 3933 quaein

167 3949 380 4012 discernendis
402 3948 494 4011 bonis
515 3945 667 4030 malisque
689 3953 842 4010 versatur.
886 3949 1045 4009 Bonorum
1064 3952 1168 4008 autem
1183 3945 1295 4027 partim
1311 3943 1488 4008 necessaria

130 4051 255 4117 sosunt,
285 4051 321 4108 ut
341 4044 423 4117 vita,
453 4039 616 4128 pudicitia,
645 4040 793 4114 libertas,
816 4046 852 4104 ut
871 4039 981 4112 liberi,
1004 4038 1170 4122 coniuges,
1195 4039 1351 4122 germani,
1375 4058 1490 4121 paren-

167 4144 229 4204 tes:
252 4134 365 4222 partim
386 4157 450 4201 nou
472 4133 664 4212 necessaria3
693 4155 829 4222 quorum
850 4131 910 4198 alia
931 4140 1003 4199 sunt
1023 4154 1080 4219 per
1101 4154 1135 4199 se
1158 4131 1350 4219 expetenda,
1373 4140 1408 4198 ut
1430 4153 1488 4206 ea,

236 4374 263 4424 3.
281 4372 404 4423 malitias
422 4383 553 4433 superior.
573 4384 591 4421 c
608 4371 641 4421 li.
661 4394 695 4408 -
711 4369 738 4419 8.
758 4372 896 4435 cestioque
913 4369 944 4421 V.
965 4396 998 4406 —
1017 4370 1044 4421 7.
1064 4377 1089 4421 et
1105 4371 1276 4431 vituperandi
1289 4371 1320 4421 V.
1340 4396 1370 4407 -
1391 4371 1419 4422 3.
1440 4370 1490 4425 Vr.

168 4443 390 4511 queamdmodum
408 4444 603 4494 educatorem.
623 4442 654 4491 ll.
677 4439 781 4491 liabent
800 4441 853 4490 ltV.
884 4464 911 4476 -
942 4442 985 4491 11.
1006 4442 1123 4493 ccctdm
1142 4442 1198 4493 ltV.
1229 4465 1259 4478 ·-
1288 4443 1386 4503 poterit
1405 4442 1439 4492 ll.
1458 4463 1491 4476 -

168 4517 212 4568 13.
231 4512 303 4578 suut]
323 4512 420 4576 turmot
438 4514 472 4564 lt.
496 4539 525 4551 -
545 4515 589 4564 at.
609 4508 666 4574 Est]
680 4511 720 4561 Sit
736 4512 786 4561 lid.
800 4510 867 4562 Ven·
889 4537 917 4548 —
938 4512 982 4562 27.
1004 4514 1051 4563 Vr.
1071 4515 1101 4560 in
1119 4514 1189 4562 ctotts'
1206 4512 1314 4562 ratione
1332 4526 1386 4562 cm.
1406 4513 1439 4563 Y.
1460 4537 1492 4550 -

168 4586 214 4637 88.
234 4592 376 4650 quaeratur
394 4583 426 4635 V.
449 4608 479 4620 -
499 4584 542 4634 31.
562 4584 667 4635 etiamst
686 4581 737 4634 (iu.
758 4582 788 4630 V.
812 4605 839 4617 -
860 4582 905 4632 33.
922 4585 956 4633 sit
975 4585 1003 4633 s'd
1020 4597 1146 4648 mcqaum
1160 4583 1191 4632 V.
1212 4606 1244 4620 -
1261 4596 1438 4647 permuqoum
1455 4588 1494 4634 sat

170 4656 223 4708 Gn.
245 4657 295 4707 lid.
316 4657 381 4707 Ven-
401 4655 552 4706 Sobtttztus.
590 4654 635 4718 (Ut
651 4665 718 4711 not,
746 4649 836 4715 VllV.)
865 4677 894 4689 -
923 4653 966 4704 35.
986 4655 1049 4703 utile
1066 4668 1121 4704 non
1138 4655 1284 4705 subrutus.
1314 4680 1342 4694 ·-
1373 4653 1418 4705 37.
1439 4655 1494 4705 dis·

167 4729 295 4790 suasori,
322 4729 347 4777 st
364 4726 477 4777 summ
494 4727 614 4791 tnptrmct
632 4727 675 4782 u.
706 4724 867 4781 domasset,
900 4725 925 4773 st
943 4725 1055 4775 atterum
1072 4727 1217 4790 infimatis
1236 4724 1267 4775 V.
1287 4749 1321 4759 -
1350 4724 1394 4774 to.
1417 4726 1491 4777 luter

167 4801 243 4858 otto,
260 4798 393 4861 pactatus
412 4797 530 4848 lacunam
549 4797 629 4851 babet
648 4797 678 4847 V.
698 4795 771 4847 Fort-
789 4809 832 4846 rr.
848 4798 887 4847 stc
904 4796 1118 4858 transponendae
1134 4797 1237 4859 purtim
1255 4808 1311 4846 noo
1328 4797 1490 4857 necessario,

168 4874 199 4921 ω
215 4892 229 4906 “
245 4893 257 4906 ·
271 4875 407 4937 mnam·
427 4866 479 4920 0.·
