3232 5392
162 195 224 265 232
680 192 736 261 ΒΕ
767 193 954 262 ORATORll

162 365 267 426 noster
289 361 364 428 Cato
385 362 417 424 et
437 357 543 423 Pictor
564 359 596 421 et
615 354 703 431 Piso,
735 355 791 443 qui
811 376 915 441 neque
935 361 1058 434 tenent,
1092 356 1207 445 quibus
1233 356 1329 425 rebus
1350 359 1480 427 ornetur

163 458 265 521 oratio
294 451 398 538 (modo
421 451 503 519 enim
526 454 588 517 buc
609 449 669 516 ista
689 458 761 516 sunt
781 448 956 534 importata)
984 460 1031 526 et,
1064 449 1139 518 dum
1166 452 1369 538 intelligatur,
1406 453 1482 541 qnid

163 547 281 626 dicant,
302 569 396 614 unam
418 543 541 611 dicendi
561 543 686 610 laudem
707 552 816 629 putant
837 566 906 611 esse
927 543 1123 612 brevitatem.
1167 542 1220 612 bl.
1251 546 1426 614 Paullulum
1447 570 1481 614 se

163 642 265 708 erexit
292 651 324 707 et
349 639 466 706 addidit
497 638 646 705 historiae
673 641 824 706 maiorem
857 661 969 707 sonum
997 639 1082 706 vocis
1108 642 1158 706 vir
1185 642 1340 727 optimus,
1378 646 1481 710 Crassi

140 735 344 813 slamiliaris,
381 734 552 820 Antipater.
597 734 699 802 Ceteri
726 755 790 801 non
819 742 1024 802 exornatores
1051 755 1159 801 renum
1188 739 1244 803 sed
1266 736 1482 804 tantummodo

162 838 342 899 narratores
363 830 499 894 luerunt.
544 831 630 895 x111.
653 833 726 906 Est,
762 832 864 916 inquit
890 829 1031 907 Catudus,
1066 837 1103 896 ut
1129 831 1223 907 dicis,
1256 829 1314 897 scd
1333 831 1392 897 iste
1413 832 1481 916 ipse

164 927 287 991 Caclius
308 944 413 1011 neque
434 923 574 990 distinxit
593 924 756 990 historiam
777 927 926 991 varietate
946 923 1089 990 locorum
1110 944 1213 1012 neque
1234 928 1404 992 verbomm
1418 926 1482 993 col-

162 1019 317 1087 locatione
338 1026 371 1083 et
391 1026 493 1085 tractu
514 1017 664 1085 orationis
685 1018 747 1085 leni
768 1028 800 1084 et
821 1017 977 1106 aequabili
998 1017 1167 1105 perpolivit
1188 1018 1264 1085 illud
1291 1039 1387 1105 opus3
1425 1024 1480 1088 ssd

162 1121 198 1179 ut
218 1113 312 1180 homo
333 1133 437 1201 neque
458 1115 568 1179 doctus
589 1133 693 1198 neque
713 1115 849 1178 maxime
871 1121 961 1199 aptus
982 1111 1021 1178 ad
1043 1111 1227 1190 dicendum,
1261 1114 1340 1182 sicut
1367 1118 1478 1203 potuit,

125 1207 298 1287 asdolavit;
335 1210 411 1273 vicit
431 1215 550 1284 tamen,
585 1207 620 1273 u't
640 1206 735 1283 dicis,
766 1207 958 1292 superiores.
1003 1210 1053 1272 55.
1075 1206 1203 1274 Minime
1225 1210 1355 1285 mirum,
1378 1210 1481 1298 inquit

162 1298 335 1379 Antonius,
359 1304 385 1367 si
406 1301 466 1367 ista
486 1321 537 1367 res
559 1299 661 1368 adhuc
684 1311 789 1367 nostra
811 1304 917 1386 lingua
939 1299 1089 1367 illustrata
1102 1308 1239 1368 nonest.
1283 1306 1382 1368 Nemo
1398 1305 1480 1371 euim

163 1397 266 1464 studet
287 1395 484 1482 eloquentiae
505 1405 685 1462 nostrorum
706 1396 889 1473 hominum,
925 1395 985 1461 nisi
1006 1405 1041 1462 ut
1061 1397 1094 1460 in
1115 1398 1217 1461 causis
1240 1405 1332 1485 atque
1354 1399 1388 1464 in
1408 1397 1479 1465 foro

163 1493 298 1558 eluceat:
335 1489 421 1576 apud
451 1494 588 1557 Graecos
617 1499 723 1556 autem
744 1488 990 1577 eloquentissimi
1011 1488 1169 1566 homines,
1203 1495 1315 1558 remoti
1338 1515 1357 1559 a
1378 1494 1480 1560 causis

162 1588 339 1653 forensibus
361 1605 432 1652 cum
454 1587 494 1650 ad
516 1592 634 1650 ceteras
663 1607 715 1650 res
743 1584 899 1660 illustres,
933 1591 998 1649 tum
1030 1586 1069 1649 ad
1096 1585 1290 1652 scribendam
1318 1590 1481 1654 historiam

124 1681 296 1749 asmaxime
318 1699 352 1745 se
374 1678 618 1766 applicaverunt.
663 1682 804 1766 Namque
825 1689 857 1744 et
886 1682 1083 1745 Herodotum
1111 1679 1218 1758 illum,
1253 1681 1307 1768 qui
1334 1682 1480 1770 princeps

162 1795 260 1860 genus
291 1776 353 1839 hoc
385 1774 527 1850 ornavit,
559 1772 593 1839 in
624 1773 725 1840 causis
752 1773 829 1840 nihil
859 1775 988 1839 omniuo
1016 1782 1176 1841 versatum
1202 1798 1270 1843 esse
1291 1777 1480 1864 accepimus.

160 1869 256 1955 Atqui
277 1876 362 1933 tanta
383 1875 430 1934 est
451 1867 646 1955 eloquentia,
669 1877 704 1935 ut
723 1889 775 1933 me
797 1866 940 1954 quidem,
974 1875 1123 1952 quantum
1145 1889 1206 1956 ego
1229 1873 1346 1936 Graece
1367 1872 1481 1958 scripta

160 1963 337 2047 intelligere
358 1982 500 2047 possum,
521 1983 635 2049 magno
658 1983 756 2050 opere
778 1962 928 2040 delectet;
956 1965 1008 2031 56.
1031 1971 1063 2027 et
1083 1972 1154 2049 post
1172 1963 1261 2031 illum
1283 1965 1481 2050 Thucydides

162 2080 270 2124 omncs
303 2057 427 2124 dicendi
455 2055 587 2124 artificio
617 2077 690 2124 meu
722 2059 874 2123 sententia
897 2055 988 2122 laeile
1014 2055 1103 2135 vicit;
1140 2060 1193 2145 qui
1221 2062 1264 2124 ita
1292 2063 1405 2125 creber
1435 2071 1481 2127 cst

123 2174 269 2219 serenum
297 2154 491 2237 frequentia,
529 2161 564 2217 ut
592 2156 762 2217 verborum
789 2171 890 2235 prope
915 2172 1079 2217 numerum
1102 2152 1325 2219 sententiarum
1346 2175 1480 2222 numero

162 2255 387 2335 consequatur3
425 2251 469 2312 ita
490 2266 588 2334 porro
610 2245 715 2312 verhis
736 2256 829 2333 aptus
850 2253 881 2311 et
901 2265 1041 2332 pressus,
1071 2253 1106 2311 ut
1133 2247 1270 2322 nescias,
1303 2257 1409 2314 utrum
1430 2269 1481 2315 res

162 2341 303 2407 oratione
326 2361 365 2406 an
387 2339 482 2407 verba
504 2340 664 2406 sententiis
686 2340 892 2406 illustrentur.
935 2341 1030 2424 Atqui
1051 2360 1091 2406 ne
1109 2344 1193 2407 huno
1207 2340 1350 2426 quidem,
1373 2363 1482 2430 quam-

162 2457 256 2523 quam
283 2436 390 2502 estin
419 2433 608 2518 republica
635 2442 796 2510 versatus,
829 2454 871 2500 ex
898 2454 1030 2501 numero
1058 2437 1233 2521 accepimus
1261 2455 1388 2513 corum,
1427 2437 1482 2525 qui

161 2551 271 2597 causas
291 2530 489 2608 dictitarunt;
514 2536 545 2594 et
565 2532 624 2594 bos
644 2529 744 2594 libros
765 2535 831 2594 tum
854 2528 1014 2612 scripsisse
1036 2529 1162 2607 dicitur,
1184 2549 1256 2596 eum
1273 2550 1341 2596 are
1355 2529 1482 2617 publica
1552 2569 1555 2575 ·

124 2649 152 2694 ss
162 2635 300 2691 remotus
321 2633 430 2713 atque,
464 2622 496 2688 id
516 2626 602 2710 quod
624 2622 743 2710 optimo
764 2623 876 2709 cuique
899 2625 1027 2689 Athenis
1048 2622 1191 2690 accidere
1211 2627 1339 2691 solitum
1359 2636 1423 2703 est,
1446 2626 1480 2691 in

162 2720 289 2787 exilium
304 2720 411 2806 pulsus
426 2727 518 2783 esset.
563 2722 614 2784 57.
636 2720 727 2782 llunc
747 2726 931 2783 consecutus
953 2726 1000 2782 est
1021 2717 1203 2806 Syracusius
1224 2719 1389 2797 Philistus,
1412 2724 1477 2810 qui,

162 2836 232 2880 cum
261 2815 402 2901 Dionysii
431 2812 552 2900 tyranni
578 2809 835 2877 familiarissimus
863 2819 959 2887 essct,
995 2811 1094 2879 otium
1121 2833 1212 2878 suum
1233 2815 1428 2903 consumpsit
1447 2815 1480 2882 in

160 2910 291 2976 historia
313 2910 476 2973 scribenda
497 2905 696 2991 maximeque
718 2904 933 2993 Thucydidem
955 2914 1020 2983 est,
1044 2909 1124 2971 sicut
1144 2906 1221 2972 mihi
1241 2909 1382 2986 uidetur,
1409 2911 1480 2977 imi-

162 3012 254 3070 tatus.
299 3004 411 3067 Postea
431 3021 508 3066 vero
530 3000 619 3088 quasi
640 3021 681 3064 ex
703 2998 871 3065 clarissima
893 2999 1027 3066 rhetoris
1048 2999 1172 3067 officina
1199 3004 1263 3068 duo
1288 3013 1480 3086 praestantes

125 3097 309 3184 ocingeoio,
334 3099 555 3181 Theopompus
578 3103 609 3158 ct
629 3092 791 3180 Ephorus,
825 3093 866 3158 ah
886 3098 1023 3160 Isocrate
1045 3095 1194 3180 magistro
1216 3095 1342 3183 impulsi
1376 3120 1409 3165 se
1441 3099 1479 3166 ad

161 3191 322 3258 historiam
351 3190 566 3266 contulerunt3
601 3209 709 3253 causas
738 3189 867 3254 omnino
898 3209 1056 3273 uunquam
1082 3192 1263 3274 attigerunt.
1316 3195 1401 3260 XIV.
1426 3199 1477 3259 58.

161 3285 304 3371 Denique
326 3287 459 3350 etiama
486 3281 684 3368 philosophia
713 3280 872 3368 profectus
898 3284 1044 3369 princeps
1073 3282 1267 3370 Xenophon,
1302 3287 1478 3355 Socraticus

161 3382 227 3454 ille,
249 3389 321 3464 post
341 3383 380 3444 ab
403 3378 569 3443 Aristotele
591 3375 806 3450 Callisthenes,
828 3394 933 3441 comm
954 3375 1137 3453 Alexandri,
1160 3377 1283 3464 scripsit
1297 3378 1477 3462 historiam;

163 3484 194 3539 ct
214 3476 267 3539 hic
288 3472 414 3558 quidem
435 3473 596 3537 rhetorico
618 3491 718 3555 paene
739 3490 843 3548 more;
864 3470 917 3536 ille
931 3480 1035 3537 autem
1048 3471 1193 3558 superior
1206 3471 1327 3538 leniore
1341 3480 1477 3561 quodam

125 3589 241 3635 assono
263 3577 310 3634 est
331 3588 405 3634 usus
427 3576 459 3632 et
479 3566 533 3652 qui
552 3565 639 3631 illum
662 3569 811 3652 impetum
833 3565 967 3631 oratoris
988 3585 1051 3631 non
1072 3567 1201 3644 babeat3
1225 3570 1393 3634 vehemens
1415 3571 1479 3635 lor·

162 3671 245 3728 tasse
266 3663 383 3734 miuus,
406 3665 461 3725 sed
484 3659 639 3746 aliquanto
663 3667 765 3724 tamen
787 3669 851 3736 est,
879 3669 914 3725 ut
934 3662 1010 3726 mihi
1032 3659 1159 3746 quidem
1179 3659 1320 3738 videtur,
1344 3664 1476 3731 dulcior.

161 3757 308 3823 Minimus
329 3762 405 3819 natu
426 3753 538 3820 horum
559 3754 697 3821 omnium
719 3754 879 3828 Timaeus,
902 3764 1051 3841 quantum
1069 3761 1174 3820 autem
1187 3754 1325 3821 iudicare
1340 3776 1477 3840 possum,

162 3851 256 3935 longe
287 3848 513 3914 eruditissimus
540 3858 572 3913 et
600 3869 708 3914 rerum
735 3851 827 3933 copia
854 3857 885 3914 et
906 3849 1127 3914 sententiarum
1149 3853 1299 3915 varietate
1320 3854 1480 3918 abundan-

162 3945 299 4011 tissimus
321 3946 439 4029 etipsa
461 3943 688 4027 compositione
710 3947 880 4010 verborum
901 3964 965 4009 non
986 3943 1144 4028 impolitus
1166 3964 1309 4030 magnam
1332 3945 1479 4032 eloquen-

126 4062 153 4108 ss
164 4043 236 4106 tiam
257 4037 517 4104 adscribendum
539 4038 640 4104 attulit
660 4037 714 4104 sed
736 4038 855 4105 nullum
877 4058 967 4104 usum
988 4036 1157 4104 forensem.

233 4300 258 4349 1.
279 4303 387 4348 ornetur
405 4298 467 4348 BR:
488 4303 603 4346 ornatas·
621 4297 652 4347 11.
670 4321 698 4333 -
719 4296 745 4344 2.
764 4296 825 4346 ltus'e
842 4296 874 4346 Β.
892 4321 918 4334 -·
939 4297 966 4349 5.
986 4294 1103 4348 Ceterum
1120 4297 1154 4348 Β.
1171 4321 1199 4332 -
1219 4297 1246 4348 d.
1265 4299 1430 4362 tpscsssctt.
1447 4326 1475 4338 -

161 4370 188 4422 ’1.
217 4366 344 4432 locorucu]
372 4369 489 4418 colorum
512 4368 632 4418 lacobsto
658 4374 766 4418 anctore
790 4367 936 4418 Schutzlus.
957 4394 987 4406 -
1017 4368 1060 4418 12.
1080 4370 1109 4418 s'n
1127 4375 1186 4418 ante
1206 4372 1294 4419 causis
1312 4383 1365 4421 orn.
1385 4371 1416 4420 Β.
1445 4395 1477 4408 -

162 4443 205 4492 15.
225 4441 338 4490 maxims
357 4452 408 4491 om.
429 4439 460 4488 B.
491 4462 520 4475 -
549 4439 593 4488 lP.
614 4444 651 4488 est
667 4438 756 4489 creber
773 4438 806 4488 ll.
825 4461 859 4473 -
887 4437 932 4486 Pl·
953 4445 1079 4503 sequntur
1098 4441 1130 4491 11.
1158 4462 1188 4475 -
1220 4446 1257 4489 est
1276 4448 1353 4500 aptos
1371 4442 1425 4492 llll.
1447 4467 1474 4479 -

160 4513 206 4561 13.
225 4516 261 4561 est
278 4525 330 4560 om.
350 4510 382 4560 u.
411 4534 442 4546 -
472 4508 516 4558 33.
535 4511 582 4559 bos
600 4511 670 4574 s'psos
690 4509 770 4558 libros
787 4509 818 4558 Β.
845 4533 874 4544 -
906 4508 950 4559 35.
970 4516 1050 4572 osque
1067 4523 1120 4561 om.
1140 4509 1216 4559 Voss.
1237 4511 1311 4572 prob.
1334 4512 1425 4563 Balto.
1447 4535 1477 4547 -

160 4583 266 4632 solitum
284 4588 347 4631 esset
365 4581 396 4628 Β.
417 4605 450 4614 -
478 4579 521 4629 27.
553 4576 647 4641 osium]
680 4585 766 4629 totum
784 4580 814 4629 Β.
839 4603 869 4614 -
901 4582 1062 4641 consumpsit
1092 4579 1228 4631 sessocndc
1256 4584 1421 4648 meximeque
1444 4583 1477 4638 lt.

162 4678 193 4689 -
224 4651 268 4700 113.
298 4664 330 4701 ss
357 4652 504 4701 clarissimo
533 4653 611 4715 quusi
636 4650 667 4699 B.
712 4649 760 4700 Vs.
786 4650 862 4711 quasi
880 4674 891 4685 -
908 4674 919 4686 ·
938 4650 1044 4716 officina
1067 4651 1226 4702 Bubulenlo
1246 4659 1351 4703 auctore
1370 4656 1478 4706 seclusit

160 4722 276 4772 Ellendt.
297 4744 329 4757 -
356 4721 400 4771 30.
418 4723 451 4772 cb
471 4735 523 4771 om.
544 4725 575 4771 11.
597 4748 626 4758 -
652 4721 696 4770 32.
715 4720 750 4770 od
766 4719 958 4781 philosophiam
976 4723 1006 4772 11.
1030 4744 1058 4755 -
1079 4722 1123 4772 34.
1142 4722 1239 4771 lsutors
1257 4722 1288 4771 Β.
1307 4745 1341 4757 -
1359 4724 1405 4774 37.
1425 4738 1479 4774 om·

160 4795 232 4842 nium
250 4792 342 4841 borum
359 4793 392 4843 R.
422 4817 452 4830 -
480 4791 523 4842 33.
545 4797 569 4843 st
587 4805 675 4844 rerum
694 4815 706 4828 ·
723 4815 734 4829 ·
752 4789 990 4843 abandonseumas
1007 4805 1061 4844 om.
1080 4793 1112 4843 Β.
1140 4815 1170 4828 -
1199 4790 1408 4860 tempotum]
1438 4796 1478 4844 s'n-

161 4864 319 4929 compositus
337 4863 369 4915 B.
