3232 5392
164 215 229 281 aaa
567 205 797 274 oaluomau
819 206 1084 274 Plaumouus

163 369 331 441 virtutibus
353 373 454 444 vitiis,
487 367 605 434 artibus
626 367 766 446 inertiis,
799 375 854 434 aut
875 365 1141 454 quemadmodum
1166 367 1336 442 commoti,
1372 361 1495 450 cupidi·

163 477 229 534 tate
251 476 354 546 metu,
376 468 537 549 voluptate
558 464 714 548 molestia.
758 465 860 550 Atque
880 465 961 529 baec
976 463 1105 550 quidem
1118 463 1152 528 in
1165 469 1277 528 natura
1292 465 1492 548 spectantum

162 564 344 631 infortuna
370 579 484 646 genus.
514 559 689 635 amicitiae,
724 556 832 632 liberi,
854 557 1044 645 propinqui,
1068 555 1196 634 affines,
1222 576 1318 644 opes,
1340 558 1493 632 bonores,

162 667 350 747 potestates,
374 652 516 728 divitiae,
540 654 671 718 libertas
685 659 717 718 et
731 672 786 729 aa,
810 672 891 738 quae
914 661 986 719 sunt
1007 653 1055 719 bis
1078 653 1245 719 contraria.
1288 654 1341 717 36.
1364 650 1402 714 lu
1417 647 1496 714 locis

141 763 269 821 sautem
290 761 323 818 et
344 748 400 815 illa
420 746 595 826 naturalia,
618 746 768 813 maritimi
790 767 830 811 en
851 747 964 813 remoti
986 769 1005 814 a
1026 749 1127 824 mari,
1150 745 1236 832 plani
1257 767 1298 813 an
1319 744 1493 821 montuosi,

163 847 250 916 leves
272 868 311 913 an
333 842 456 927 asperi,
488 842 633 907 salubres
662 862 702 907 an
732 840 932 926 pestilentes,
969 841 1061 926 opaci
1082 863 1123 906 an
1144 842 1262 924 apricis
1302 849 1336 906 ct
1355 839 1410 907 illa
1430 836 1496 906 lor·

162 944 259 1017 tuita,
283 939 359 1004 culti
382 958 424 1001 an
446 935 572 1013 inculti,
596 935 737 1001 celebres
759 956 799 1000 an
821 937 955 1014 deserti,
980 934 1175 1002 coaedificati
1187 956 1228 1001 au
1243 938 1324 1002 vasti
1331 982 1342 1014 ,
1366 934 1495 1002 obscuri

163 1057 203 1102 an
224 1056 329 1102 rerum
354 1040 514 1117 gestarum
536 1031 676 1114 vestigiis
706 1029 880 1108 nobilitati,
915 1031 1091 1098 consecrati
1112 1052 1152 1096 an
1174 1029 1311 1119 profani.
1355 1033 1414 1097 xl.
1439 1035 1491 1095 37.

162 1133 198 1195 In
228 1128 422 1215 temporibus
448 1133 553 1192 autem
582 1124 760 1211 praesentia
788 1134 821 1190 et
847 1129 1018 1210 praeterita
1044 1134 1078 1192 et
1098 1125 1203 1193 fertura
1229 1134 1424 1204 cernuntur3
1461 1122 1494 1189 in

123 1223 211 1288 robis
231 1223 308 1310 ipsis
337 1228 476 1299 vetusta,
506 1222 660 1296 recentia,
695 1222 857 1298 instantia,
886 1220 992 1308 paullo
1013 1229 1086 1308 post
1105 1230 1161 1286 aut
1181 1220 1352 1307 aliquando
1372 1219 1492 1286 futura.

162 1321 271 1384 Insunt
300 1319 394 1382 etiam
423 1314 457 1380 in
479 1317 676 1400 temporibus
698 1314 771 1391 illa,
808 1336 889 1400 quae
910 1316 1062 1401 temporis
1084 1317 1174 1401 quasi
1196 1324 1342 1381 naturam
1362 1320 1492 1390 notant,

162 1423 197 1478 ut
210 1415 332 1490 biems,
355 1429 429 1485 ver,
452 1417 569 1488 aestas,
594 1416 796 1488 auctumnus3
820 1417 874 1475 aut
888 1410 960 1476 anni
977 1420 1134 1497 tempora,
1157 1420 1193 1477 ut
1207 1413 1340 1487 mensis,
1361 1418 1398 1476 ut
1412 1411 1492 1487 dics,

161 1514 198 1572 ut
217 1528 298 1586 nox,
322 1509 420 1581 bora,
444 1512 630 1588 tempestas,
653 1523 733 1589 quae
748 1513 821 1570 suut
834 1505 1008 1585 naturalia;
1031 1505 1163 1572 fortuita
1177 1515 1301 1584 eutem,
1327 1502 1492 1582 sacrificia,

161 1601 234 1668 festi
255 1600 342 1677 dies,
370 1600 512 1684 nuptiae.
557 1600 610 1664 38.
645 1601 712 1663 lam
733 1597 816 1665 lacta
837 1607 869 1665 et
890 1608 1020 1667 eventus
1042 1610 1096 1667 eut
1116 1601 1239 1668 consilii
1261 1607 1337 1667 sunt
1358 1607 1415 1664 aut
1434 1598 1493 1664 im·

123 1698 363 1784 asprudentiae,
401 1715 483 1781 quae
514 1700 563 1759 est
592 1701 647 1759 aut
674 1691 708 1758 in
736 1713 810 1759 casu
837 1702 892 1760 aut
919 1698 953 1761 in
979 1695 1114 1782 quadam
1143 1694 1240 1761 animi
1273 1696 1492 1783 permotione:

162 1811 254 1867 casu,
281 1811 353 1856 enm
374 1791 468 1856 aliter
488 1790 621 1866 cecidit,
652 1809 689 1853 ao
710 1798 852 1875 putatum
874 1789 930 1870 sit;
965 1790 1180 1875 permotione,
1205 1810 1275 1855 cum
1297 1797 1353 1856 aut
1375 1789 1495 1854 oblivio

162 1893 216 1953 aut
237 1904 329 1951 error
349 1891 405 1950 aut
424 1893 526 1949 metus
546 1891 602 1949 aut
622 1880 728 1969 eliqua
749 1883 931 1973 cupiditatis
953 1907 1047 1951 causa
1067 1886 1235 1973 permovit.
1279 1889 1338 1951 Est
1352 1883 1448 1950 etiam
1462 1884 1495 1949 in

161 1980 373 2067 imprudentia
398 1978 567 2044 necessitas
597 1976 755 2061 ponenda.
804 1982 922 2047 Iterum
953 1991 1057 2047 antem
1088 1982 1241 2046 bonarum
1277 1987 1310 2045 et
1338 1980 1493 2044 malarum

162 2075 223 2142 tria
242 2083 316 2141 sunt
343 2094 475 2159 qenera3
510 2094 582 2138 nam
613 2074 724 2138 autin
753 2075 865 2140 animis
892 2082 949 2142 ant
973 2078 1006 2141 in
1028 2076 1216 2162 corporibus
1236 2082 1292 2140 aut
1312 2081 1404 2139 extra
1425 2091 1493 2138 esso

124 2176 307 2254 sepossunl.
352 2171 454 2235 liuius
476 2166 573 2252 igitur
593 2169 749 2233 materiae
771 2171 811 2234 ad
831 2179 1054 2255 argumentum
1074 2169 1234 2236 subiectae
1253 2165 1492 2254 perlustrandae

167 2265 273 2332 animo
295 2272 401 2353 partes
423 2270 516 2330 crunt
537 2282 648 2328 omnes
669 2271 702 2328 et
722 2265 762 2328 ed
783 2266 832 2340 id,
853 2268 939 2351 quod
962 2273 1089 2350 agetur,
1114 2285 1155 2330 ex
1168 2265 1299 2350 singulis
1313 2264 1492 2330 coniectura

164 2358 326 2446 capienda.
370 2362 423 2426 39.
449 2361 506 2424 Est
526 2358 622 2422 etiam
643 2378 743 2443 genus
763 2368 1018 2444 argumentorum
1041 2356 1144 2438 aliud,
1174 2357 1259 2445 qnod
1281 2360 1418 2424 exsecti
1441 2378 1494 2423 re·

163 2452 264 2540 stigiis
287 2452 438 2532 sumitur,
468 2461 505 2519 nt
525 2452 638 2526 telum,
667 2472 779 2531 cruor,
810 2454 947 2531 clamor,
983 2454 1135 2531 eiulatus,
1169 2455 1331 2530 titubatio,
1367 2474 1493 2540 permn-

163 2549 239 2614 tatio
262 2548 395 2626 coloris,
433 2547 535 2614 oratio
557 2549 756 2625 inconstans,
789 2555 910 2613 tremor
933 2557 1095 2614 eteorum
1117 2548 1255 2636 aliquid,
1291 2551 1378 2634 quod
1399 2567 1492 2613 sensu

125 2661 155 2705 as
164 2642 285 2728 percipi
312 2645 427 2731 possit;
463 2641 575 2718 etiam,
610 2640 638 2707 si
668 2651 891 2729 praeparatum
917 2642 1052 2728 aliquid,
1086 2642 1114 2708 si
1135 2645 1399 2710 communicatum
1421 2663 1491 2708 oum

164 2739 270 2824 aliquo
281 2783 292 2815 ,
326 2739 353 2803 si
374 2746 486 2825 postea
504 2735 622 2811 visum,
656 2735 810 2814 auditum,
842 2739 1026 2803 indicatum.
1070 2740 1124 2803 to.
1156 2739 1230 2806 Veri
1252 2736 1366 2803 similia
1388 2746 1492 2804 autem

163 2832 281 2917 partim
302 2831 427 2917 singula
447 2839 576 2898 mouent
596 2849 655 2896 suo
676 2835 839 2918 pondere,
863 2837 995 2920 partim,
1020 2832 1142 2899 etiamsi
1164 2832 1312 2900 ridentur
1334 2853 1405 2898 esse
1426 2835 1493 2898 exi-
1541 2839 1544 2847 '

164 2948 226 3014 gua
247 2948 307 3010 per
328 2948 378 3002 se,
400 2927 534 2993 multum
555 2934 680 3001 umen,
704 2944 775 2991 cum
797 2933 868 2991 sunt
890 2934 1089 3003 coacervata,
1113 2925 1293 3011 proficiunt
1336 2931 1439 3014 Atque
1459 2929 1492 2992 in

164 3022 213 3088 his
241 3022 310 3089 veri
339 3021 493 3088 similibus
522 3022 629 3086 insunt
655 3040 882 3106 nonnunquam
909 3023 1004 3086 etiam
1033 3030 1136 3088 certae
1160 3043 1268 3090 rernm
1291 3029 1324 3088 et
1343 3024 1491 3109 propriae

127 3125 274 3186 sonotae.
327 3115 496 3184 Maximam
525 3123 628 3180 autem
659 3113 735 3179 facit
765 3115 862 3179 fidem
893 3118 933 3180 ad
965 3117 1200 3182 similitudinem
1233 3118 1315 3194 reri,
1354 3119 1491 3202 primum

165 3211 361 3297 exemplum,
386 3210 498 3275 deinde
519 3207 698 3275 introducta
717 3210 764 3274 rei
787 3211 959 3276 similitudo
966 3234 976 3290 ;
997 3211 1104 3279 labula
1124 3213 1220 3279 ctiam
1241 3233 1489 3299 nonnunquam,

165 3303 225 3370 etsi
246 3315 293 3371 est
314 3304 527 3382 incredibilis,
551 3312 657 3370 tamen
678 3302 822 3369 homines
845 3315 1034 3373 commovet.

249 3402 318 3464 ΧΠ.
342 3401 395 3465 t1.
419 3401 454 3466 G.
470 3401 506 3463 F.
531 3396 633 3476 Quid,
657 3395 849 3464 delinitionis
872 3419 953 3484 quae
974 3404 1053 3467 ratio
1075 3410 1124 3469 est
1144 3410 1176 3468 et
1197 3422 1279 3488 quae
1301 3400 1375 3468 viat
1403 3402 1438 3467 C.
1455 3405 1489 3467 P.

164 3496 235 3560 Non
256 3491 387 3559 dubium
409 3495 509 3558 estid
533 3495 679 3580 quidem,
702 3495 778 3581 quin
799 3491 940 3561 definitio
961 3517 1076 3580 genere
1098 3496 1274 3562 declaretur
1295 3504 1327 3562 et
1346 3498 1491 3582 proprie·

128 3595 229 3659 estate
259 3587 393 3675 quadam
421 3595 475 3654 aut
504 3589 600 3654 etiam
626 3590 839 3655 communium
867 3589 1063 3677 frequentia,
1098 3594 1291 3679 exquibus,
1328 3588 1493 3677 proprium

167 3679 243 3768 quid
273 3684 329 3759 sit,
363 3681 494 3749 eluceat.
540 3686 603 3749 Sed
634 3685 782 3771 quoniam
811 3687 851 3749 de
879 3685 1015 3772 propriis
1042 3688 1144 3752 oritur
1172 3689 1358 3774 plerumque
1381 3705 1493 3770 magna

168 3777 339 3852 dissensio,
363 3777 574 3844 deliniendum
598 3787 647 3845 cst
667 3800 763 3866 saepe
784 3802 825 3846 ex
847 3781 1027 3859 contrariis,
1060 3802 1154 3865 saepe
1176 3787 1270 3848 etiam
1293 3805 1334 3848 ex
1357 3782 1493 3847 dissimi-

167 3869 266 3947 libus,
287 3892 384 3958 saepe
406 3892 447 3938 cx
467 3874 607 3957 paribus.
653 3874 867 3954 Quamobrem
887 3878 1114 3960 descriptiones
1137 3897 1263 3964 qnoque
1285 3883 1357 3943 suut
1379 3879 1411 3940 iu
1433 3875 1492 3941 boc

168 3985 284 4049 genere
307 3987 402 4050 saepe
422 3977 513 4054 eptae
530 3978 563 4034 et
576 3971 773 4036 enumeratio
787 3970 1060 4057 consequentium,
1082 3973 1297 4059 imprimisque
1313 3976 1493 4038 commoret

129 4060 335 4146 uexplicatio
356 4063 503 4128 vocabuli
525 4081 562 4126 ac
583 4066 730 4130 nominis.

252 4159 306 4222 ta.
341 4159 376 4223 G.
401 4159 435 4222 F.
467 4159 546 4222 Sunt
573 4161 716 4245 exposita
743 4158 807 4226 iam
835 4158 903 4225 fere
924 4171 979 4235 ea,
1012 4180 1092 4247 quae
1113 4157 1154 4226 de
1174 4158 1259 4226 iacto
1283 4181 1430 4247 quaeque
1452 4160 1492 4226 de

237 4385 265 4436 1.
283 4379 398 4446 tuerts'ta]
418 4385 519 4436 muritta
536 4383 601 4448 BV,
619 4389 747 4442 mouson
765 4391 798 4443 u.
826 4416 854 4428 -
883 4392 911 4443 9.
930 4397 1085 4455 spectentur
1103 4404 1157 4443 om.
1175 4391 1225 4444 lid.
1245 4392 1313 4443 ven.
1335 4390 1412 4454 prob.
1429 4391 1489 4443 lira.

168 4479 204 4491 -
220 4455 247 4506 t.
268 4462 293 4509 at
310 4455 364 4505 tato
381 4453 415 4508 u.
433 4477 467 4491 ·-
486 4457 526 4506 tta
544 4456 604 4509 RV:
625 4461 658 4509 tta
677 4461 706 4510 s.
724 4487 759 4498 -
777 4463 804 4514 9.
824 4469 848 4515 st
865 4470 926 4515 ante
942 4466 1090 4527 praeterito
1108 4476 1160 4514 orn.
1176 4461 1206 4514 V.
1228 4485 1259 4500 -
1278 4470 1303 4516 at
1321 4470 1382 4516 ante
1400 4465 1491 4531 sotera

170 4539 224 4577 om.
243 4526 283 4586 lt,
303 4525 375 4579 unda
387 4527 522 4589 prostrate
539 4533 707 4595 praesentio,
724 4537 888 4598 praeterito,
907 4534 1010 4598 [utura.
1033 4558 1061 4570 -
1082 4535 1125 4584 10.
1145 4530 1196 4596 bia]
1212 4535 1246 4585 su
1260 4534 1293 4585 li.
1314 4538 1492 4600 -1l.quoe

169 4597 420 4659 ramponem·
451 4598 495 4649 19.
516 4602 613 4651 eradit
631 4601 686 4652 ut.
714 4630 746 4642 -
776 4602 819 4668 oc]
840 4619 920 4669 quom
938 4605 970 4655 Y.
990 4630 1023 4643 ·-
1052 4606 1095 4657 19.
1115 4617 1213 4669 pem
1228 4612 1290 4656 suut
1307 4606 1365 4658 lav.
1388 4629 1418 4644 -
1447 4606 1489 4656 99.

169 4670 289 4732 clamor,
320 4667 432 4719 &utetur
450 4680 518 4720 corr.
539 4670 579 4721 Vs
611 4672 710 4722 rumor
728 4677 838 4727 nuditus
857 4677 908 4728 Gu.
928 4676 968 4737 a.
1001 4676 1101 4727 ctumor
1119 4677 1203 4726 aditae
1221 4676 1242 4726 E
1262 4682 1304 4736 at,
1331 4682 1362 4728 ut
1378 4677 1490 4737 ridetur,

170 4752 211 4802 pr.
232 4740 265 4790 V.
286 4763 317 4776 -
335 4739 380 4791 25.
399 4740 494 4800 attera,
513 4739 537 4789 st
555 4740 699 4806 Vtetorlus,
719 4745 801 4798 Aldus
819 4748 927 4810 Nepos:
948 4749 1052 4799 artemas·
1069 4748 1101 4798 E.
1120 4770 1153 4783 ·-
1171 4747 1214 4797 98.
1234 4748 1265 4797 in
1281 4749 1316 4800 tls
1332 4746 1366 4800 R.
1386 4773 1421 4784 -
1447 4747 1489 4799 99.

170 4806 261 4873 utam]
282 4817 307 4862 st
323 4810 357 4861 lt.
385 4834 420 4847 -
453 4807 993 4882 ³2.eat]attltlet1ldd.antaltm.,
1023 4823 1070 4883 qut
1089 4821 1201 4873 mutarit
1218 4831 1249 4883 aa
1267 4819 1300 4871 lt.
1334 4844 1364 4858 -
1396 4819 1440 4872 99.
1463 4821 1491 4871 ta

165 4881 264 4945 potants
281 4893 348 4945 quoa
367 4881 399 4935 Y.
936 4881 947 4892 “
