3232 5392
615 223 692 287 sn.
712 223 736 287 1.
780 224 813 289 c.
836 226 886 290 ss.
908 226 959 291 aa.
1219 176 1221 180 ’
1390 226 1453 293 sss

128 390 178 455 ut,
215 382 240 446 si
273 378 311 445 ad
338 400 474 464 equum,
512 381 657 455 domum,
694 391 812 447 vestem
845 402 1023 448 sermonem
1052 379 1184 447 alicuius
1211 385 1449 464 accommodes,

129 478 242 561 quibus
263 476 385 539 animus
408 494 536 549 eorum,
571 476 624 561 qui
654 474 784 540 audiunt
805 485 836 541 et
856 479 991 562 aliquem
1015 476 1211 552 dilexerunt,
1246 479 1451 544 vehementer

129 577 356 632 commovetur.
399 567 563 643 Decimus,
598 588 770 655 perquem
792 570 917 657 inopia,
951 570 1130 646 infirmitas,
1160 570 1297 635 solitudo
1320 573 1451 636 demon·

129 672 255 729 stratur.
301 664 503 736 Undecimus,
525 684 697 749 perquem
719 672 773 727 aut
793 663 965 730 liberorum
988 673 1041 730 aut
1063 674 1227 748 parentum
1250 674 1302 729 aut
1316 664 1365 728 sui
1382 685 1451 729 eor·

128 757 214 844 poris
235 756 408 843 sepeliendi
430 767 482 821 aut
503 756 634 822 alicuius
656 756 810 822 eiusmodi
833 757 879 822 rei
895 759 1125 825 commendatio
1140 758 1184 823 iit.
1229 760 1473 834 Duodecimus,s

127 873 299 938 perquem
322 851 488 916 disiunctio
511 853 695 937 deploratur
716 854 755 915 ab
777 851 902 937 aliquo,
926 874 996 918 cum
1019 852 1175 918 diducaris
1190 854 1229 917 ab
1245 873 1299 926 eo,
1323 850 1449 937 quicum

128 945 331 1011 libentissime
353 943 491 1019 vixeris,
514 953 549 1007 ut
571 966 589 1008 a
611 954 757 1030 parente,
780 943 864 1021 filio,
887 946 1003 1023 fratre,
1027 946 1185 1011 familiari.
1230 945 1352 1012 Tertius
1368 942 1452 1010 deci-

128 1060 211 1113 mus,
243 1060 417 1124 perquem
440 1057 509 1102 cum
532 1037 746 1122 indignatione
768 1041 1007 1125 conquerimur,
1039 1045 1124 1126 quod
1146 1044 1185 1105 ab
1208 1042 1263 1117 iis,
1295 1041 1450 1126 aquibus

128 1133 256 1197 minime
278 1134 456 1207 conveniat,
479 1132 561 1197 male
584 1142 769 1208 tractemur,
791 1135 993 1223 propinquis,
1020 1135 1148 1212 amicis,
1179 1136 1292 1222 quibus
1315 1137 1450 1219 benigno

127 1227 310 1304 fecerimus,
348 1248 426 1314 quos
455 1227 615 1292 adiutores
636 1228 705 1293 fore
734 1229 925 1311 putarimus,
958 1238 1012 1295 aut
1032 1252 1050 1294 a
1072 1228 1186 1315 quibus
1208 1230 1370 1313 indignum
1392 1231 1488 1305 sit,ro

127 1330 161 1386 nt
182 1324 297 1398 servis,
321 1324 460 1399 libertis,
484 1322 666 1400 clientibus,
689 1323 890 1410 supplicibus.
932 1325 1013 1390 tvl.
1058 1326 1195 1401 Quartus
1217 1324 1373 1396 decimus,
1396 1323 1450 1409 qui

127 1436 186 1498 per
215 1418 465 1482 obsecrationem
498 1417 648 1495 sumitur;
686 1420 718 1482 in
748 1439 812 1505 quo
839 1427 968 1483 orantur
997 1421 1092 1483 modo
1122 1418 1186 1494 illi,
1224 1418 1278 1504 qni
1299 1417 1448 1494 audiunt,

127 1511 239 1576 humili
260 1520 292 1575 et
306 1511 437 1597 supplici
452 1512 612 1588 oratione,
636 1520 671 1575 ut
686 1512 904 1578 misereantur.
950 1514 1084 1590 Quintus
1100 1515 1257 1588 decimus,
1281 1532 1449 1598 perquem

126 1626 190 1671 non
210 1615 350 1680 nostras,
373 1610 428 1671 sed
451 1626 580 1682 eorum,
605 1605 658 1692 qui
680 1609 744 1670 cari
767 1604 858 1672 nobis
881 1610 997 1672 debent
1018 1626 1101 1681 esse,
1133 1606 1274 1672 fortunas
1297 1605 1450 1692 conqueri

127 1721 184 1766 nos
206 1705 468 1767 demonstramus.
511 1703 626 1765 Sextus
647 1699 805 1776 decimus,
829 1723 888 1785 per
906 1723 999 1788 quem
1014 1699 1151 1765 animum
1168 1711 1308 1766 nostrum
1323 1701 1355 1763 in
1370 1698 1487 1764 aliosrs

126 1792 363 1868 misericordem
391 1815 459 1860 esse
486 1793 680 1860 ostendimus
705 1802 737 1859 et
758 1802 862 1861 tamen
883 1795 1020 1882 amplum
1043 1803 1075 1858 et
1096 1797 1254 1859 excelsum
1277 1802 1308 1858 et
1329 1793 1450 1879 patien-

127 1903 189 1957 tem
211 1887 484 1955 iueommodorum
508 1909 577 1954 esse
600 1897 632 1952 et
651 1887 792 1954 futurum
815 1911 900 1967 esse,
924 1890 952 1956 si
973 1891 1048 1977 quid
1064 1888 1230 1964 acciderit,
1254 1885 1450 1953 demonstra-

126 2002 207 2047 mus.
252 1986 328 2047 Nam
351 2004 446 2066 saepe
469 1985 567 2048 virtus
589 1990 621 2046 et
641 1981 886 2067 magnificentia,
922 1986 953 2048 in
982 2003 1046 2070 quo
1069 1983 1203 2068 gravitas
1226 1991 1257 2047 et
1279 1981 1450 2047 auctoritas

126 2087 190 2154 est,
228 2081 300 2162 plns
328 2075 454 2160 proficit
486 2079 525 2141 ad
553 2075 801 2141 misericordiam
827 2077 1086 2144 commovendam
1116 2098 1209 2164 quarn
1236 2075 1396 2142 humilitas
1417 2081 1449 2140 et

126 2173 313 2238 obsecratio.
358 2172 531 2238 Commotis
561 2181 665 2237 autem
694 2171 824 2249 animis,
863 2173 979 2239 diutius
1008 2174 1041 2238 in
1073 2173 1299 2257 conquestione
1330 2168 1487 2238 morarios

126 2285 189 2330 non
211 2267 383 2348 oportebit.
429 2266 700 2345 Quemadmodum
723 2267 806 2330 enim
834 2265 917 2332 dixit
944 2271 1052 2334 rhetor
1080 2267 1281 2355 Apollonius,
1319 2266 1448 2332 lacrima

126 2359 202 2424 nibil
223 2359 314 2425 citius
335 2362 460 2427 arescit.
506 2358 568 2425 Sed
590 2361 737 2446 quoniam
759 2368 791 2424 et
811 2359 886 2425 satis
909 2362 1053 2428 videmur
1075 2368 1115 2428 de
1138 2364 1285 2428 omnibns
1305 2361 1446 2448 partibus

126 2453 277 2519 orationis
299 2454 414 2520 dixisse
436 2463 469 2520 et
488 2453 582 2520 huius
604 2452 774 2520 voluminis
796 2455 977 2537 magnitudo
1006 2456 1131 2540 longius
1158 2457 1330 2543 processit,
1367 2470 1448 2539 quae

126 2558 299 2635 sequuntur
320 2548 486 2637 deinceps,
514 2549 546 2616 in
568 2553 706 2616 secundo
729 2548 811 2613 libro
835 2551 984 2616 dicemus.

193 2739 220 2790 ll.
240 2741 352 2805 benique
368 2740 412 2791 ΡΤ
432 2747 458 2793 et
476 2753 543 2792 corr.
563 2740 605 2791 tt:
635 2741 696 2792 bene
716 2741 736 2788 ll
755 2751 814 2790 oum
833 2741 856 2790 ll
875 2747 901 2792 et
919 2754 959 2802 pr.
979 2741 1012 2792 Α.
1041 2766 1071 2779 -
1102 2744 1136 2793 to
1163 2743 1316 2806 poterimus
1333 2740 1373 2791 P:
1398 2753 1448 2803 pu·

126 2815 241 2862 uremur
258 2811 323 2873 ΛΤ,
351 2814 532 2876 putonsrs'aaus
557 2811 613 2861 ltlt.
642 2833 674 2846 -
705 2807 752 2873 sill
780 2818 817 2861 est
835 2810 936 2862 rans.
969 2837 997 2850 -
1028 2813 1072 2863 ts.
1092 2813 1185 2863 sectus
1203 2813 1317 2863 declam
1334 2808 1445 2861 Pellite

124 2883 344 3006 ἒωὲῗειὲῖῗωέε
362 2889 400 2934 est
416 2883 446 2934 ll.
476 2908 506 2920 -
538 2881 583 2932 22.
601 2882 685 2944 soto,
704 2885 734 2930 ut
751 2881 889 2946 videmur,
908 2906 919 2918 -
935 2908 946 2920 ·
964 2883 1080 2934 dicimos
1107 2883 1183 2935 ΡΑΤ.
1205 2883 1298 2937 Graes.
1336 2882 1371 2934 tn
1388 2893 1447 2944 nor,
