3232 5392
174 206 237 272 ceo
577 203 807 271 coenoman
827 203 1091 273 anemonas

109 428 111 433 2
172 374 225 443 ut,
247 384 318 431 cnm
339 365 439 431 semel
453 362 569 430 dictum
583 362 624 429 sit
637 362 770 441 direcm,
794 366 875 432 sicut
887 371 997 431 natura
1010 366 1081 450 ipsa
1094 364 1213 443 tuerit,
1228 363 1407 431 invertatur
1419 361 1500 430 ordo

173 468 207 526 st
232 458 317 527 idem
348 459 436 546 quasi
464 476 587 524 sursum
613 476 740 524 versum
761 467 912 547 retroque
933 459 1067 536 dicatur,
1104 462 1219 527 deinde
1241 463 1325 526 idem
1345 458 1501 526 interciso

173 563 269 642 atque
291 552 457 641 permixte.
499 551 677 637 Eloquendi
697 561 802 620 antem
823 552 1007 622 exercitatio
1029 554 1167 623 maxims
1188 554 1223 622 in
1243 553 1305 622 hoo
1331 563 1402 623 toto
1423 574 1502 621 con-

171 651 316 716 vertendi
338 668 452 735 genero
473 654 628 715 versatur.

151 763 164 805 s
257 748 310 811 25.
343 744 378 808 G.
405 743 441 806 F.
463 741 553 807 Actio
574 739 672 826 igitur
692 743 852 828 sequitur,
886 751 923 809 nt
942 745 1070 829 opinor.
1116 744 1153 810 0.
1179 745 1214 813 P.
1241 747 1299 811 Est
1317 746 1380 813 ita:
1415 766 1500 835 qnae

172 839 299 927 quidem
321 837 439 902 oratori
460 843 493 900 ct
514 855 585 902 cnm
606 857 714 902 rerum
735 845 768 903 at
788 857 859 903 cnm
881 835 1050 905 verborum
1079 837 1247 905 momentis
1276 841 1501 906 commutanda

171 936 305 1000 maxinm
327 937 385 996 est.
429 932 517 995 Facit
545 930 630 996 enim
657 939 689 998 et
713 931 880 999 dilucidam
902 932 1077 999 orationem
1099 940 1133 999 et
1151 933 1307 1000 illustrem
1328 942 1362 1001 et
1381 938 1500 1022 proba·

170 1031 268 1095 hilam
290 1033 322 1092 et
342 1045 469 1091 suarem
491 1044 556 1090 non
571 1027 693 1100 verbis,
715 1023 772 1092 sed
785 1028 936 1094 radente
950 1047 1082 1105 vocum,
1104 1035 1194 1094 motu
1209 1027 1373 1113 corporis,
1396 1028 1496 1105 vultu,

171 1143 251 1210 quae
278 1118 447 1204 plurimum
473 1117 635 1196 valebunt,
667 1119 696 1186 si
723 1140 795 1186 oum
823 1120 975 1187 orationis
1001 1141 1119 1206 genere
1140 1124 1338 1189 consentient
1358 1122 1495 1209 eiusque

133 1220 233 1284 aovim
260 1237 297 1282 ac
322 1216 507 1282 venientem
537 1211 780 1300 subsequentur.
822 1219 873 1284 26.
903 1217 939 1281 G.
961 1219 997 1281 g,
1028 1214 1280 1304 Numquidnam
1303 1220 1343 1284 de
1366 1225 1496 1284 oratore

169 1313 238 1399 ipso
261 1315 376 1378 restat?
406 1309 442 1374 0.
458 1310 493 1373 P.
518 1307 602 1375 Nihil
623 1327 698 1374 sane
719 1317 846 1395 praeter
866 1309 1070 1388 memoriam,
1093 1331 1174 1398 qnae
1196 1319 1244 1377 est
1264 1310 1392 1397 gemina
1410 1311 1496 1377 litte·

169 1413 294 1472 saturae
315 1406 549 1492 quodammodo
570 1412 602 1470 et
622 1404 656 1467 in
678 1402 821 1469 dissimili
844 1424 961 1488 genere
982 1403 1163 1488 persimilis.
1209 1409 1287 1472 Nam
1301 1414 1338 1472 nt
1351 1404 1405 1472 illa
1420 1425 1498 1473 con-

169 1509 230 1567 stat
251 1523 292 1568 ex
311 1501 397 1566 notis
416 1498 588 1565 noenum
610 1505 642 1564 et
662 1518 704 1565 ex
725 1517 781 1574 eo,
812 1498 847 1565 in
867 1518 932 1585 quo
952 1498 1177 1586 imprimuntur
1203 1499 1276 1566 illae
1302 1507 1417 1577 notae,
1450 1501 1496 1565 sic

168 1593 324 1662 conlectio
343 1596 516 1660 memorias
537 1601 696 1679 umquam
726 1613 798 1660 cera
818 1593 898 1660 locis
918 1596 1016 1660 utitur
1038 1603 1069 1661 ct
1088 1594 1123 1660 in
1142 1593 1192 1661 his
1213 1593 1366 1681 imagines
1387 1603 1423 1662 nt
1442 1593 1495 1661 lit·

130 1695 251 1756 atteras
271 1687 414 1759 collocat.

251 1783 336 1850 VIII.
360 1785 413 1849 07.
449 1780 485 1847 C.
511 1783 546 1848 F.
578 1780 736 1861 Quoniam
764 1779 863 1867 igitur
887 1781 936 1849 vis
964 1781 1098 1850 oratoris
1125 1785 1228 1851 omnis
1257 1785 1404 1870 exposita
1425 1791 1491 1862 est,

168 1877 246 1967 quid
264 1881 363 1946 hahes
384 1876 597 1944 decretionis
618 1879 796 1965 praeceptis
818 1877 946 1944 diceret
968 1879 1003 1944 C.
1018 1879 1054 1943 P.
1078 1878 1235 1957 Quattuor
1253 1898 1324 1945 esse
1339 1881 1409 1945 eius
1422 1898 1494 1966 par

167 1982 237 2054 tes,
272 1992 404 2063 quarum
424 1974 527 2059 prima
547 1979 581 2037 et
601 1980 760 2060 postrema
780 1970 963 2039 admotum
984 1971 1080 2038 animi
1101 1974 1196 2046 volet.
1239 1975 1269 2040 Is
1290 1975 1374 2040 enim
1395 1974 1493 2042 initiis

167 2076 217 2137 est
237 2077 270 2136 et
288 2065 543 2157 perorationibus
563 2065 778 2137 concitandus.
821 2068 985 2144 Secunda,
1007 2067 1166 2144 namatio,
1189 2067 1353 2145 attactis,
1377 2066 1494 2136 confir·

130 2164 277 2244 samntio,
299 2163 394 2230 tidem
414 2163 489 2228 tacit
510 2160 658 2227 orationi.
704 2162 765 2228 Sed
780 2159 979 2249 amplificatio
1000 2181 1190 2248 quamquam
1210 2162 1308 2228 habat
1327 2162 1492 2250 proprium

165 2259 289 2337 locam,
315 2257 420 2342 'saepe
442 2254 535 2323 eliam
556 2254 710 2342 primum,
747 2264 943 2340 postremum
970 2256 1098 2342 quidem
1119 2254 1186 2322 fers
1208 2277 1351 2345 semper,
1387 2266 1491 2325 tamen

164 2355 291 2441 reliquo
317 2352 351 2418 in
377 2371 473 2418 cursu
501 2350 653 2417 orationis
680 2347 857 2417 adhihenda
879 2357 926 2416 est
946 2349 1166 2437 maximeque,
1201 2370 1275 2417 cum
1297 2351 1492 2439 aliquidaut

165 2447 382 2516 confirmatum
403 2452 452 2511 est
472 2451 526 2510 aut
545 2445 785 2530 reprehensum.
829 2447 941 2530 ltaque
969 2447 1009 2510 ad
1037 2442 1131 2510 tidem
1159 2465 1286 2533 qnoque
1312 2447 1365 2515 vel
1392 2447 1493 2533 pluri·

166 2563 253 2609 mum
275 2540 377 2618 valet3
411 2546 460 2604 est
481 2539 564 2603 enim
585 2535 785 2623 amplificatio
806 2541 977 2605 vehemens
999 2543 1153 2625 quaedam
1174 2543 1425 2626 argumentatio,
1456 2550 1491 2608 nt

128 2636 220 2708 nilla
240 2634 373 2702 docendi
395 2632 561 2710 causant,
582 2628 660 2698 haec
674 2632 905 2700 commovendi.
946 2635 1000 2699 28.
1026 2634 1062 2698 C.
1079 2637 1115 2699 F.
1139 2636 1240 2719 Perge
1261 2638 1358 2721 igitur
1378 2639 1489 2703 ordine

166 2739 316 2819 quatmr
335 2727 412 2795 milri
432 2729 507 2794 istas
528 2735 633 2812 partes
661 2726 831 2814 explicare.
876 2729 911 2794 C.
939 2730 975 2793 P.
1004 2727 1130 2796 Faciam
1151 2739 1184 2795 ct
1203 2750 1224 2797 a
1243 2731 1405 2820 principiis
1426 2733 1491 2819 pri-

164 2847 252 2894 mum
274 2824 400 2901 ordiar,
423 2842 506 2909 quae
520 2819 648 2907 quidem
662 2823 821 2890 ducantur
840 2830 896 2888 ant
916 2843 958 2888 ex
978 2825 1123 2910 personis
1143 2833 1199 2892 aut
1218 2844 1260 2892 ex
1282 2829 1377 2892 rebam
1397 2827 1486 2909 ipsis.

165 2925 337 2988 Sumuntur
364 2926 468 2985 autem
492 2915 588 2982 tunm
614 2936 721 2982 rernm
752 2917 868 3004 gratia:
903 2925 939 2983 nt
970 2920 1086 2997 amice,
1124 2929 1159 2988 ut
1189 2919 1420 3005 intelligenter,
1452 2927 1489 2987 ut

164 3023 281 3083 attente
302 3017 477 3082 audiamur.
521 3012 664 3088 Quorum
685 3012 804 3099 primam
824 3012 915 3078 locus
937 3015 1036 3079 estin
1057 3014 1201 3099 personis
1223 3018 1360 3094 nostris,
1388 3017 1488 3082 discs-

128 3119 338 3199 opnaomm,
361 3108 630 3185 adversariorum
653 3126 672 3171 e
686 3106 800 3194 quihus
814 3106 903 3173 initia
915 3105 1156 3176 benevolentiae
1171 3108 1386 3177 conciliandae
1401 3131 1487 3178 com·

148 3212 315 3292 'parantur
341 3211 394 3270 ant
419 3203 539 3268 mefitis
566 3202 683 3266 nostris
711 3208 765 3266 ant
791 3201 941 3288 dignitate
963 3210 1017 3270 ant
1037 3206 1143 3290 aliquo
1167 3225 1286 3293 genere
1306 3205 1433 3273 virtutis
1455 3214 1486 3273 et

163 3302 299 3366 maxime
312 3295 525 3375 liberalitatis,
548 3294 660 3372 officii,
682 3295 838 3374 iustitiae,
860 3294 951 3378 fidei3
974 3298 1201 3387 contrariisque
1216 3302 1313 3366 rebus
1326 3297 1359 3365 in
1374 3303 1486 3369 adver

164 3394 262 3461 serios
291 3391 489 3459 conterendis
511 3399 542 3458 et
562 3412 634 3458 cnm
654 3389 711 3468 iis,
744 3393 800 3476 qui
820 3390 1012 3479 disceptant,
1046 3392 1151 3480 aliqua
1179 3396 1408 3461 coniunctionis
1433 3403 1486 3461 aut

163 3508 255 3555 caum
275 3497 331 3554 aut
350 3508 407 3575 spe
429 3485 649 3574 significanda;
673 3493 707 3553 et
719 3487 746 3550 si
760 3488 793 3551 in
814 3504 873 3551 nos
894 3486 1021 3573 aliquod
1044 3489 1152 3555 odium
1175 3488 1348 3557 offensiove
1371 3487 1485 3556 collata

126 3585 222 3662 assit,
259 3585 399 3649 tollenda
426 3602 464 3648 ea
491 3583 698 3649 minuendave
725 3587 779 3646 aut
799 3579 949 3648 diluendo
971 3589 1024 3646 ant
1044 3586 1243 3649 extenuando
1263 3592 1317 3650 ant
1337 3603 1486 3670 compen·

163 3682 261 3746 sando
283 3686 337 3745 ant
357 3674 566 3765 deprecando.
609 3679 663 3742 29.
690 3673 907 3761 intelligenter
926 3684 1029 3743 antem
1050 3685 1086 3741 ut
1105 3679 1272 3744 audiamur
1291 3685 1324 3743 et
1344 3685 1481 3758 attente,

162 3776 296 3840 arabus
318 3773 393 3859 ipsis
414 3768 600 3837 ordiendum
622 3776 678 3836 est
721 3767 784 3837 Sed
805 3769 952 3836 facillime
971 3771 1098 3838 auditor
1118 3771 1211 3838 discit
1231 3779 1279 3851 et,
1312 3773 1389 3860 quid
1411 3793 1483 3861 aga·

161 3875 229 3945 tur,
251 3865 417 3952 intelligit,
447 3865 476 3932 si
496 3863 707 3949 complectare
728 3885 748 3931 a
767 3865 923 3954 principio
944 3887 1044 3950 genus
1065 3875 1271 3955 naturamque
1293 3888 1425 3946 causac,
1455 3871 1484 3934 si

161 3962 311 4041 definias,
334 3965 362 4028 si
383 3959 521 4038 dividas,
549 3959 575 4025 si
596 3979 699 4047 neque
720 3959 918 4048 prudentiam
939 3959 1007 4027 eins
1028 3961 1180 4049 impedias
1202 3961 1389 4030 confusione
1410 3983 1483 4048 pan·

124 4056 240 4129 onum
268 4077 328 4123 nec
357 4057 542 4122 memoriam
571 4052 785 4134 multitudine;
817 4076 961 4144 quaeque
982 4076 1058 4124 mox
1079 4060 1120 4124 de
1142 4057 1322 4125 narratione
1343 4057 1481 4125 dilucida

161 4151 322 4228 dicentur,
343 4149 454 4216 eadem
476 4151 570 4215 etiam
591 4148 653 4214 hnc
673 4156 823 4234 poterunt
843 4159 929 4216 reete
950 4151 1072 4220 referri.
1115 4156 1167 4219 30.
1191 4156 1231 4220 01
1244 4161 1361 4221 attente
1376 4159 1481 4220 antem

161 4244 341 4325 audiamur,
370 4246 467 4312 trium
487 4265 594 4312 rerum
616 4245 723 4332 aliqua
742 4263 991 4332 consequemur;
1024 4268 1097 4313 nam
1118 4256 1173 4314 aut
1193 4269 1307 4335 magna
1327 4251 1482 4338 quaedam

228 4524 256 4579 S.
274 4535 378 4576 cmm
393 4521 503 4575 Lamo-s
521 4535 614 4576 ceram
630 4521 707 4575 nvn.
735 4546 764 4562 ·-
792 4522 820 4577 0.
836 4524 968 4589 pammac
986 4523 1038 4578 (in.
1057 4523 1097 4580 Vc
1117 4528 1246 4593 pomula
1261 4527 1320 4580 llll.
1345 4550 1379 4565 -
1408 4525 1435 4580 0.
1453 4528 1479 4578 st

160 4595 318 4649 11100.-
346 4596 392 4646 1⁰.
409 4596 537 4660 comata
552 4596 608 4647 mm
625 4595 674 4645 101
691 4595 723 4645 ds
738 4620 751 4634 ·
767 4619 779 4632 ·
795 4600 879 4648 restat
896 4597 992 4649 aliod?
1010 4596 1043 4648 V.
1070 4622 1106 4634 -
1136 4597 1179 4650 11.
1206 4611 1336 4667 germano
1351 4598 1416 4651 alll.
1435 4598 1478 4657 (01

158 4679 224 4729 nos,
243 4663 335 4729 ΥΠ.)
353 4691 385 4703 -
405 4665 449 4716 17.
467 4668 522 4716 slas
536 4672 629 4727 portas
646 4678 697 4718 assa
714 4664 745 4717 0.
765 4690 799 4704 -
816 4667 860 4718 18.
879 4669 968 4720 scunt
985 4667 1079 4720 Ls'mb.
1099 4693 1130 4707 -
1162 4668 1206 4721 10.
1224 4671 1369 4722 nonullo.-
1398 4673 1477 4723 tertia

159 4735 224 4802 (orn.
238 4736 274 4802 ct)
292 4737 325 4788 a.
345 4761 377 4773 -
395 4736 441 4787 20.
459 4736 609 4800 sodoma,
629 4736 721 4789 lamb.
736 4760 766 4774 -
785 4737 830 4789 25.
848 4752 946 4791 cosan:
964 4741 1002 4791 stc
1019 4741 1082 4793 doec
1100 4741 1156 4792 lll-
1174 4761 1209 4778 -
1226 4741 1270 4793 30.
1290 4753 1303 4793 s
1320 4755 1374 4794 om.
1393 4741 1424 4793 ll·
1445 4763 1476 4778 -

159 4806 322 4944 affingo
339 4806 403 4863 RV:
423 4807 552 4861 collocato
570 4807 603 4861 ll.
622 4832 655 4848 -
673 4808 913 4876 scissurasque
930 4824 984 4866 om.
1004 4809 1036 4863 a.
1056 4811 1133 4877 prob.
1152 4811 1218 4865 lim.
1246 4837 1280 4853 -
1296 4811 1342 4866 41.
1361 4811 1427 4877 tort
1444 4811 1476 4879 V,
