3232 5392
613 244 691 309 LlB.
714 243 740 309 1.
786 241 821 309 G.
847 244 898 310 15.
923 244 975 309 16.
1389 241 1449 310 165

132 403 310 478 hominnm,
345 406 385 470 de
406 401 642 487 cupiditatibus,
678 408 717 470 de
738 402 853 481 modo,
891 401 1159 479 decontiuentia,
1185 400 1379 476 66661666,
1410 401 1450 469 de

132 506 234 568 morte
255 496 424 565 dicendum
445 499 502 572 611,
531 496 681 577 forsitan,
711 497 737 566 61
759 501 789 565 61
811 498 851 565 611
871 499 989 573 risum,
1019 498 1088 583 (etsi
1110 496 1186 563 haec
1208 495 1335 583 quidem
1355 516 1450 562 nosse

133 591 226 661 debet
246 591 363 673 orator)
397 614 468 659 cum
490 593 561 658 Sex.
583 593 746 680 Pompeio,
783 590 906 658 erudito
928 591 1054 658 homine
1074 593 1108 656 iu
1129 591 1343 678 philosophia,
1366 610 1451 656 com-

131 686 310 760 municarit,
333 690 395 753 hoc
417 686 560 774 prolecto
581 686 711 765 efficiet,
734 695 769 755 nt
788 707 1006 775 quamcunque
1027 707 1095 752 rem
1116 706 1134 752 6
1156 706 1284 774 quoquo
1306 683 1450 771 cognorit

131 787 171 849 de
192 801 231 847 ea
252 780 350 847 multo
373 780 453 846 dicat
475 780 614 847 ornatius
636 802 730 868 qnam
756 781 809 848 ille
835 780 917 867 ipse,
951 783 1034 846 unde
1056 780 1211 865 cognorit.
1256 782 1309 850 68.
1339 776 1402 844 666
1422 777 1471 843 sis

132 896 182 944 me
203 872 327 950 audiet,
363 875 511 961 qnoniam
532 874 730 961 philosophia
752 875 785 942 in
808 886 871 942 tres
893 882 996 962 partes
1018 882 1065 941 est
1086 875 1222 952 tributa,
1259 873 1292 939 16
1320 881 1450 938 6616666

131 968 367 1044 obscuritatem,
389 968 422 1034 in
444 968 618 1035 disserendi
640 968 857 1049 subtilitatem,
883 969 915 1035 iu
938 969 1033 1035 vitam
1055 977 1147 1057 atquc
1169 988 1288 1042 mores,
1311 971 1375 1033 duo
1397 965 1450 1032 illa

131 1064 342 1150 relinquamus
363 1072 456 1149 atque
476 1064 647 1149 largiemur
667 1065 799 1131 inertiae
821 1073 962 1142 nostrae;
996 1063 1122 1129 tertium
1144 1084 1237 1141 vero,
1261 1061 1347 1150 quod
1368 1080 1450 1128 sem·

130 1180 189 1248 per
216 1160 351 1225 oratoris
378 1156 452 1231 init,
487 1158 547 1224 nisi
574 1157 763 1234 tenebimus,
800 1158 877 1225 nihil
905 1157 1039 1232 oratori,
1076 1156 1109 1223 in
1136 1178 1199 1244 quo
1228 1177 1358 1244 magnus
1379 1175 1449 1222 cese

129 1253 248 1341 possit,
280 1250 506 1337 relinquemus.
549 1255 602 1318 69.
626 1255 731 1331 Quare
753 1256 803 1318 hic
824 1252 912 1319 locus
934 1250 973 1317 66
995 1251 1058 1316 rita
1081 1260 1113 1316 et
1132 1250 1274 1318 moribus
1295 1259 1381 1317 totns
1402 1256 1486 1315 estse

130 1346 250 1417 oratori
270 1345 514 1434 666-6166666666
549 1354 652 1412 661666
673 1348 699 1412 61
720 1367 784 1412 666
807 1345 967 1420 didicerit,
996 1352 1100 1411 tamen
1122 1349 1252 1431 poterit,
1274 1350 1301 1411 61
1323 1342 1449 1429 quaudo

130 1462 210 1532 opus
232 1441 310 1518 6611,
345 1459 459 1504 ornare
480 1439 629 1516 diceudo,
663 1440 690 1506 si
711 1439 806 1506 modo
829 1437 868 1506 66
891 1462 962 1506 enm
984 1448 1078 1506 erunt
1098 1439 1198 1504 661616
1221 1448 1253 1504 61
1274 1439 1303 1505 61
1324 1440 1447 1505 tradita.

129 1538 213 1605 XVI.
234 1533 357 1600 Etenim
379 1535 406 1598 61
428 1542 549 1598 6666161
569 1533 651 1599 16166
672 1533 798 1609 666166,
835 1537 993 1601 huminem
1020 1535 1165 1618 ignarum
1186 1533 1374 1617 astrologiae
1396 1552 1450 1599 ur-

130 1631 297 1697 uatiesimis
319 1636 412 1713 atque
434 1626 560 1709 optimis
580 1626 727 1693 versibus
749 1633 875 1694 Aratum
899 1628 938 1694 de
960 1627 1046 1695 caelo
1068 1627 1226 1714 stellisque
1248 1626 1382 1706 dixisse;
1421 1627 1448 1692 61

131 1723 169 1789 66
190 1725 286 1788 rebus
305 1720 431 1787 rusticis
452 1722 609 1787 hominem
632 1724 671 1786 ab
693 1742 770 1808 agro
792 1723 1052 1796 remotissimum,
1082 1724 1271 1787 Nicandrum
1293 1721 1484 1806 Colopho-ss

130 1823 233 1895 nium,
257 1816 379 1903 poetica
400 1813 533 1901 quadam
556 1814 715 1888 facultate,
737 1837 801 1881 non
823 1820 953 1891 rustica,
975 1815 1137 1901 scripsisse
1158 1815 1335 1901 praeclare:
1373 1813 1449 1899 quid

131 1921 195 1987 est,
227 1932 284 1976 cur
304 1929 369 1975 nou
391 1919 498 1975 orator
518 1911 558 1974 de
578 1912 674 1975 rebus
695 1909 733 1975 iis
756 1910 1009 1997 eloquentissime
1032 1910 1130 1986 dicat,
1168 1931 1245 1996 quas
1268 1909 1307 1975 66
1329 1917 1449 1973 certam

129 2024 254 2072 eausam
275 2011 461 2091 tempusque
482 2005 646 2087 cognorit?
684 2005 735 2070 16.
760 2009 814 2071 Est
835 2007 918 2072 euim
941 2003 1090 2070 finitimus
1111 2004 1229 2070 oratori
1250 2011 1358 2090 66616,
1392 2025 1450 2068 nn-

129 2101 224 2166 meris
245 2097 425 2164 adstrictior
446 2096 566 2184 paullo,
597 2097 768 2165 verborum
791 2108 896 2166 autem
918 2099 1041 2165 licentia
1062 2098 1209 2174 liberior,
1242 2097 1347 2163 multis
1371 2116 1448 2162 vero

129 2195 261 2262 ornandi
284 2189 451 2278 generibus
472 2190 575 2257 socius
596 2211 633 2256 ac
654 2213 753 2279 66666
775 2216 848 2280 666;
870 2194 903 2259 16
917 2197 978 2259 666
993 2193 1121 2280 quidem
1136 2201 1220 2258 66616
1235 2213 1336 2279 66666
1351 2191 1486 2267 idem,sc

128 2287 221 2355 661116
249 2295 284 2352 61
310 2285 452 2351 terminis
484 2283 720 2353 circumscribat
750 2299 804 2356 661
833 2288 959 2356 66116161
985 2288 1034 2353 166
1062 2309 1170 2364 snum,
1203 2308 1267 2374 quo
1293 2287 1395 2352 minus
1418 2288 1448 2351 ei

127 2382 220 2449 liceat
248 2379 358 2446 eadem
385 2379 438 2443 illa
469 2379 614 2444 facultate
642 2387 673 2444 61
698 2384 788 2469 copia
819 2385 941 2467 vagari,
978 2404 1041 2467 qua
1062 2385 1148 2449 velit.
1195 2386 1247 2449 71.
1269 2386 1348 2448 Nam
1371 2380 1448 2447 illud

128 2496 243 2562 quare,
269 2472 431 2548 Scaevola,
470 2472 589 2558 negasti
612 2482 641 2538 16
668 2473 766 2540 161666
792 2474 944 2552 laturum,
981 2477 1042 2543 nisi
1069 2477 1102 2542 in
1132 2498 1204 2544 meo
1225 2497 1325 2563 regno
1347 2495 1448 2550 esses,

128 2568 214 2657 qnod
234 2568 267 2634 in
290 2570 375 2634 nmni
397 2586 512 2651 genere
533 2572 704 2642 sermonis,
729 2566 762 2633 in
784 2570 869 2635 omni
891 2578 981 2655 parte
1002 2571 1200 2638 humanitatis
1222 2571 1356 2637 dixerim
1378 2590 1449 2635 nra-

127 2675 228 2731 torem
251 2661 424 2750 perlectum
447 2681 515 2726 esse
537 2660 676 2727 deberet
698 2667 863 2750 Nunquam
878 2664 1055 2730 mehercule
1069 2669 1130 2731 hoc
1145 2664 1298 2740 dicerem,
1322 2665 1347 2729 si
1364 2684 1484 2736 cumas

127 2779 221 2846 quem
242 2756 343 2843 lingo,
365 2775 415 2820 me
437 2755 539 2841 ipsum
563 2775 632 2821 esse
654 2754 834 2822 arbitrarer.
881 2762 933 2823 71.
958 2761 1035 2834 Sed,
1057 2767 1093 2823 61
1113 2756 1234 2825 solebat
1255 2759 1289 2822 C.
1307 2757 1445 2822 Lucilius

127 2873 223 2936 saepe
245 2850 364 2924 dicere,
386 2853 483 2914 homo
505 2848 562 2914 tibi
585 2849 756 2925 subiratus,
779 2851 856 2918 mihi
871 2856 1008 2939 propter
1030 2874 1099 2918 eam
1120 2853 1220 2939 ipsam
1243 2872 1367 2917 causam
1390 2853 1449 2915 nri·

127 2969 202 3023 uns,
227 2964 320 3032 quam
341 2941 484 3018 volebat,
506 2943 685 3020 familiaris,
709 2948 764 3011 sed
785 2954 891 3011 tamen
913 2946 1074 3013 61666166
1097 2957 1128 3013 61
1148 2945 1363 3034 perurbanus:
1402 2947 1447 3010 sic

127 3039 227 3106 666116
249 3037 405 3103 nemiuem
427 3057 496 3102 esse
515 3037 547 3102 in
570 3048 731 3105 oratorum
753 3062 884 3106 numero
907 3040 1103 3118 habendum,
1126 3045 1179 3130 qui
1202 3041 1325 3107 nonsit
1349 3038 1449 3104 omui-

127 3132 185 3199 bus
205 3135 244 3199 iis
265 3131 401 3204 artibus,
430 3153 510 3219 quae
530 3141 603 3199 sunt
623 3132 722 3201 libero
745 3135 879 3221 dignae,
908 3138 1099 3224 perpolitus;
1133 3136 1246 3223 quihus
1267 3134 1344 3218 ipsis
1367 3134 1392 3199 si
1414 3135 1484 3199 iure

127 3227 259 3294 dicendo
280 3247 344 3292 non
366 3226 498 3301 utimur,
535 3236 637 3294 tamen
666 3240 795 3316 apparet
819 3241 913 3317 atque
935 3240 1052 3309 exstat,
1090 3241 1194 3297 utrum
1216 3233 1313 3295 simus
1336 3247 1445 3293 earum

125 3321 238 3399 rudes,
274 3342 314 3386 an
336 3321 547 3388 didicerimus.
592 3326 642 3388 73.
667 3327 719 3398 Ut,
754 3325 893 3412 quipila
915 3325 1041 3401 166661,
1074 3347 1138 3391 666
1167 3333 1297 3390 6166166
1326 3322 1449 3409 161666
1515 3356 1517 3361 ·

125 3416 248 3484 lusione
269 3414 400 3482 artificio
421 3417 553 3503 proprio
576 3417 769 3502 palaestrae,
794 3424 849 3485 sed
872 3421 988 3486 indicat
1008 3421 1075 3505 ipse
1097 3426 1217 3492 mohss,
1240 3417 1448 3482 didicerintne

125 3509 326 3599 palaestram,
360 3531 400 3576 an
421 3511 579 3591 nesciant3
617 3522 649 3577 et
670 3514 724 3601 qui
745 3513 863 3601 aliquid
885 3513 1021 3599 lingunt,
1058 3513 1116 3580 etsi
1137 3509 1347 3599 tum'pictura
1369 3510 1446 3576 nihil

125 3614 270 3681 utuntur,
299 3614 418 3680 tamen,
446 3613 551 3671 utrum
573 3605 671 3672 sciant
693 3611 839 3693 pingere,
862 3630 900 3674 66
923 3607 1075 3681 nesciant,
1099 3628 1163 3674 uon
1187 3605 1357 3673 obscurum
1380 3613 1484 3670 eetrss

125 3699 225 3766 61616
246 3697 545 3772 6661166166661666
571 3700 648 3786 ipsis
676 3700 881 3778 iudiciorum,
918 3701 1115 3778 continuum,
1149 3709 1290 3777 6666166,
1325 3698 1447 3765 etiamsi

195 3903 221 3954 1.
241 3900 328 3968 modo]
343 3904 419 3958 domo
433 3903 462 3952 11.
477 3929 510 3940 -
528 3901 554 3953 9.
569 3902 675 3957 1166661
692 3907 892 3956 communicarit
906 3905 960 3956 1111.
986 3903 1069 3968 (none
1088 3890 1388 3955 eommunlcobtt'hldus
1405 3925 1416 3937 -
1435 3923 1447 3937 ·

127 3971 276 4038 Gruterus.)
286 3998 317 4010 -
335 3974 362 4025 l.
375 3987 503 4037 quomque
511 3973 544 4023 11.
561 4000 589 4012 -
604 3988 709 4040 quoquo
722 3975 806 4026 codd.
821 3977 854 4026 sl.
869 3977 892 4026 11
904 3991 911 4025 a
931 3989 1033 4041 quoque
1043 3976 1095 4025 1111.
1110 3999 1137 4010 -
1151 3976 1178 4025 6.
1189 3988 1219 4024 66
1231 3987 1261 4024 re
1272 3973 1356 4022 multo
1368 3972 1400 4021 ll.
1412 3992 1445 4008 ··-

124 4043 203 4108 66666]
216 4059 234 4094 6
245 4058 295 4107 quo
308 4053 369 4095 6611
382 4044 414 4094 li.
430 4069 461 4081 -
480 4045 775 4108 66661611161116661
796 4048 910 4096 audierit
926 4047 982 4097 llll.
997 4072 1028 4083 -
1048 4045 1190 4097 distributo
1202 4044 1238 4096 u.
1258 4070 1289 4081 —
1307 4042 1334 4093 8.
1355 4037 1443 4106 utque]

124 4116 202 4181 idque
220 4115 305 4168 11666.
325 4118 350 4165 1.
365 4115 391 4166 G.
412 4113 463 4166 Gu.
478 4118 505 4165 1.
519 4116 544 4165 2.
564 4115 645 4169 11666
665 4130 748 4181 neque
767 4117 800 4168 66
820 4117 971 4168 Gruterum.
995 4140 1025 4153 -
1046 4117 1088 4166 12.
1109 4129 1174 4179 opus
1193 4111 1253 4178 ertt]
1272 4114 1361 4172 colet,
1380 4115 1445 4162 mlrs

125 4186 513 4248 16166661611666116661521.
534 4184 623 4247 (Nullo
642 4189 667 4237 16
688 4188 785 4240 Codice
804 4190 922 4249 repperit
936 4187 1054 4246 Ellendt,
1075 4200 1161 4250 neque
1173 4189 1211 4235 ele
1224 4184 1284 4243 1111,
1303 4185 1445 4233 ascensius

125 4256 216 4320 1511.)
228 4283 260 4293 -
274 4256 311 4307 ed
324 4268 381 4304 eum
393 4263 468 4308 66661
481 4256 564 4307 Codd.
580 4260 710 4320 plertque,
725 4259 748 4309 11
760 4274 767 4310 s
789 4259 983 4308 6661666666
997 4257 1027 4307 E.
1044 4283 1073 4295 -
1095 4262 1119 4306 et
1137 4257 1162 4305 es‘
1179 4254 1339 4316 1661111616.
1355 4265 1445 4304 omnes

125 4336 230 4390 prester
240 4329 305 4378 dnos
316 4341 323 4375 :
336 4327 561 4378 61166611661111.
574 4354 606 4365 -
616 4330 658 4378 13.
672 4331 788 4381 homines
798 4330 827 4379 11.
841 4352 871 4365 -
886 4329 928 4378 at.
940 4329 972 4379 V.
984 4327 1157 4378 ,1661666666
1172 4333 1230 4387 post
1239 4338 1263 4375 6.
1275 4324 1444 4388 astrologiae,

125 4398 199 4460 6111,
218 4400 264 4449 sed
280 4406 375 4460 66616.
390 4399 507 4449 vorstius
520 4404 620 4458 ponunt
637 4400 703 4449 Vtct.
717 4399 768 4453 Gn.
783 4402 807 4448 t.
819 4399 861 4457 2..
882 4399 1061 4461 itemquae..
1080 4399 1237 4454 1166666166,
1258 4395 1355 4453 11666,
1370 4395 1445 4444 hem·

126 4469 215 4529 hlnus,
234 4468 372 4519 Gruterus.
393 4468 663 4531 llLegnmerslnleuls
681 4477 708 4521 et
726 4483 755 4521 er
774 4470 795 4518 ll
816 4469 879 4521 61611
899 4482 948 4521 666
966 4484 1013 4532 666
1028 4470 1182 4521 1166661666
1200 4466 1372 4517 collocatione
1396 4479 1442 4515 ne·

125 4552 177 4603 que
196 4549 285 4591 contre
305 4540 415 4589 eandem
434 4541 553 4590 6666166.
591 4540 719 4591 1116616666
736 4552 807 4591 mers
827 4548 866 4590 est
888 4541 998 4591 Ernesttl
1019 4543 1186 4594 conlectura:
1218 4537 1290 4589 unde
1313 4550 1389 4586 suurn
1410 4538 1436 4586 16

126 4609 232 4670 locum,
252 4614 296 4674 qul
319 4610 383 4659 61611
401 4614 508 4661 omuino
528 4609 607 4661 hebet
624 4611 795 4667 oileuslouls,
830 4614 990 4671 trsnsposnt.
1011 4610 1058 4662 06.
1085 4636 1112 4647 -
1146 4608 1189 4659 19.
1209 4607 1315 4657 6661-166
1335 4607 1443 4657 liberior

125 4679 184 4742 (sle)
202 4680 234 4730 B.
257 4705 286 4716 -
306 4681 349 4730 22.
370 4679 437 4730 Nom
456 4681 539 4731 codd.
558 4682 612 4732 sl:
632 4681 747 4743 Namque
764 4681 850 4739 ulte,
869 4679 938 4731 Num
955 4681 1041 4746 quod,
1061 4679 1185 4730 66666616
1202 4701 1214 4712 -
1231 4699 1242 4712 ·
1259 4692 1288 4728 ·.·
1306 4690 1443 4742 66666666

123 4751 263 4802 1661666616
275 4750 396 4803 'rosanus
409 4759 434 4800 ct
448 4751 604 4815 bledrlgrus.
618 4776 650 4786 -
670 4749 813 4815 1616666]
828 4751 953 4815 depoets’s
971 4749 1084 4801 metebst
1101 4750 1246 4800 1166661166.
1262 4773 1290 4785 -
1312 4746 1354 4798 28.
1374 4746 1443 4797 uole-

124 4821 185 4871 6661
205 4821 325 4873 66666116
344 4830 451 4872 6661666
471 4822 608 4873 96666166
627 4822 701 4882 6666.
724 4821 814 4874 116616.
830 4846 861 4858 -
880 4823 924 4872 99.
942 4824 1069 4872 hominem
1087 4821 1214 4871 6666116666
1233 4818 1262 4867 C.
1280 4817 1440 4880 Stephanus,

124 4891 277 4945 Lambinus.
297 4915 330 4929 -
348 4891 393 4945 19.
413 4892 496 4944 libero
512 4893 614 4943 homine
631 4892 715 4944 codd.
734 4893 790 4952 61.,
810 4891 902 4946 Aldus.
923 4918 952 4934 -
972 4891 1015 4947 96.
1036 4893 1091 4958 lpse
1107 4896 1195 4943 motus
1211 4889 1313 4942 tseteet
1330 4891 1363 4939 a.
