3216 5400
154 210 216 280 390
741 211 892 278 BRUTUS

154 372 277 453 maeis3
299 378 405 439 motus
426 379 458 437 et
478 377 584 456 pestus
605 368 699 434 etiam
713 370 785 453 plus
799 372 876 437 artis
888 369 1040 449 hahebat,
1064 391 1157 460 ιιιιιιιι
1172 379 1242 439 erat
1255 378 1378 444 oratori
1393 380 1483 447 satis.

154 470 225 536 Hoc
247 467 343 553 igitur
363 466 548 532 florescente
571 465 700 530 Crassus
720 472 768 529 est
788 473 946 539 mortuus,
977 467 1065 531 Cotta
1087 466 1212 550 pulsus,
1248 467 1364 536 indicia
1385 471 1487 538 inter·

153 562 250 630 missa
270 563 373 642 hello;
396 582 454 627 nos
474 562 508 625 iu
528 558 633 642 iorum
655 560 808 626 remmus.
850 563 1023 627 LXXXIX.
1048 562 1121 631 30l.
1140 565 1219 627 Erat
1233 564 1421 633 Hortensius
1450 570 1485 632 in

155 661 262 736 hello,
300 657 403 746 primo
432 674 515 721 anno
542 655 651 730 miles,
684 653 783 720 altero
812 653 955 722 tribunus
986 656 1139 734 militum;
1176 655 1331 742 Sulpicius
1359 660 1485 745 legatus

133 754 284 832 saberet,
309 755 401 818 etiam
423 753 465 816 Μ.
483 750 652 828 Antonius3
677 747 885 817 exercebatur
905 772 969 818 una
982 750 1054 836 lege
1067 749 1220 817 iudicium
1234 751 1345 829 Varia,
1367 755 1485 821 ceteris

154 855 285 936 propter
305 845 423 912 bellum
443 843 646 910 intermissis:
669 846 720 910 cui
740 843 889 933 frequens
910 849 1053 924 ader'am,
1075 865 1265 932 quamquam
1287 866 1347 933 pro
1369 850 1485 937 seipsi

155 940 303 1008 dicebant
331 946 474 1006 oratores
500 958 566 1004 nou
591 937 638 1003 illi
667 940 796 1024 quidem
826 940 1002 1027 principes,
1036 944 1070 1006 1.
1090 942 1258 1006 Memmius
1279 949 1311 1006 et
1332 943 1373 1020 Q.
1388 946 1487 1008 Pom·

96 1104 102 1119 ‚
154 1035 261 1120 peius,
283 1037 340 1100 sed
361 1040 502 1099 oratores
523 1041 644 1108 tamen,
666 1041 744 1099 teste
767 1034 883 1102 diserto
906 1044 1039 1122 uterque
1052 1034 1217 1119 Philippo,
1240 1034 1332 1102 cuius
1347 1035 1381 1100 in
1395 1037 1486 1102 testi-

156 1128 264 1195 monio
287 1130 444 1194 contentio
468 1135 500 1193 et
520 1126 585 1192 vim
606 1128 796 1193 accusatoris
817 1127 953 1195 hahebat
974 1139 1006 1196 et
1029 1130 1165 1217 copiam.

119 1238 148 1279 ¹⁰
241 1226 315 1290 305.
351 1221 494 1308 Reliqui,
528 1221 582 1307 qui
610 1228 676 1286 tum
703 1222 863 1307 principes
892 1229 1154 1300 numerabantur,
1187 1224 1221 1291 iu
1248 1222 1486 1309 magistratibus

156 1326 245 1384 eraut
271 1316 475 1402 quotidieque
504 1314 571 1381 fere
599 1336 617 1379 a
643 1314 735 1382 uobis
764 1316 796 1381 in
818 1317 1018 1385 contionibus
1039 1317 1261 1390 audiebantur,
1303 1323 1379 1385 Erat
1400 1323 1486 1385 enim

155 1408 300 1479 tribunus
321 1410 364 1494 pl.
381 1420 449 1475 tum
472 1411 506 1480 C.
522 1409 635 1485 Curio,
669 1432 857 1497 quamquam
880 1412 908 1478 is
930 1411 1057 1499 quidem
1079 1411 1208 1489 silebat,
1243 1420 1278 1477 ut
1299 1422 1367 1478 erat
1388 1412 1487 1478 semel

156 1508 341 1573 acontioue
361 1505 509 1571 universa
530 1503 676 1583 relictus3
701 1505 740 1582 Q.
755 1506 898 1572 hletellus
922 1505 1026 1581 Celer,
1049 1527 1113 1572 uon
1135 1505 1190 1572 ille
1211 1507 1340 1593 quidem
1362 1516 1484 1583 orator,

156 1605 211 1668 sed
234 1610 340 1666 umen
361 1621 423 1665 non
444 1597 563 1677 inians3
596 1597 705 1664 diserti
726 1606 830 1665 autem
855 1603 895 1678 Q.
912 1602 1046 1676 Varius,
1078 1601 1111 1665 C.
1132 1599 1253 1676 Carbo,
1276 1604 1333 1667 Cn.
1349 1605 1488 1688 Pompo-

118 1715 147 1759 ιι
156 1698 243 1775 uius;
266 1694 351 1761 ethi
373 1696 501 1781 quidem
523 1691 705 1759 habitabant
724 1697 758 1760 iu
778 1695 912 1761 Rostris.
957 1695 991 1759 C.
1012 1697 1106 1760 etiam
1125 1695 1238 1772 Iulius,
1260 1695 1371 1762 aedilis
1393 1717 1487 1761 curu·

155 1789 211 1866 lis,
243 1788 385 1877 qnotidie
416 1790 483 1853 iere
510 1796 671 1853 accuratas
700 1791 864 1855 contiones
892 1786 1039 1855 habebat.
1083 1787 1146 1855 Sed
1174 1809 1225 1854 me
1248 1790 1487 1876 cupidissimum

156 1883 305 1951 audiendi
326 1885 446 1968 primus
468 1881 560 1948 dolor
580 1882 751 1968 percussit,
774 1885 863 1949 Cotta
883 1903 955 1948 cum
977 1890 1025 1948 est
1046 1882 1206 1969 expulsus.
1249 1884 1400 1968 Reliquos
1421 1883 1487 1949 fre-

156 1987 292 2068 quenter
312 1976 442 2043 audiens
463 1978 620 2043 acerrimo
641 1979 746 2043 studio
765 1979 897 2042 tenebar
911 1977 1115 2063 quotidieque
1130 1985 1162 2042 et
1176 1981 1317 2043 scribens
1332 1987 1363 2043 et
1378 1977 1486 2063 legens

158 2083 190 2140 et
217 2079 432 2138 commentans
465 2070 613 2136 oratoriis
645 2079 765 2136 tantum
797 2070 1074 2137 exercitationibus
1103 2079 1268 2137 contentus
1295 2093 1360 2137 non
1388 2093 1486 2143 eram.

119 2167 224 2232 ”hm
256 2173 467 2250 consequente
495 2185 578 2231 anno
607 2165 648 2242 Q.
676 2168 789 2232 Varius
817 2185 873 2230 sua
900 2165 970 2249 lege
993 2168 1158 2231 damnatus
1180 2174 1369 2231 excesserat.
1414 2170 1488 2234 306.

156 2264 226 2346 Ego
241 2270 344 2325 autem
359 2259 437 2324 iuris
452 2259 552 2324 civilis
567 2260 669 2324 studio
685 2259 818 2325 multum
839 2280 955 2346 operae
976 2257 1089 2324 dabam
1112 2259 1151 2336 Q.
1168 2259 1356 2336 Scaevolae,
1381 2261 1420 2338 Q.
1436 2264 1485 2338 F„

157 2359 230 2443 qui,
266 2375 455 2442 quamquam
484 2353 603 2419 nemini
632 2375 667 2419 se
698 2353 737 2419 ad
765 2353 942 2421 docendum
971 2355 1083 2429 dabat,
1120 2361 1223 2419 umen
1253 2353 1487 2420 consulentibus

157 2452 379 2534 respondendo
412 2447 571 2514 studiosos
605 2447 754 2513 audiendi
784 2451 926 2513 docebat.
969 2449 1072 2532 Atque
1104 2446 1177 2513 hnic
1205 2468 1289 2513 anno
1319 2450 1488 2531 proximus

160 2544 247 2610 Sulla
273 2542 403 2610 consule
431 2553 463 2609 et
491 2544 641 2629 Pompeio
669 2542 739 2609 fnit.
784 2548 864 2609 Tum
891 2546 924 2611 P.
944 2543 1073 2630 Sulpicii
1102 2543 1133 2608 in
1162 2543 1325 2609 tribunatu
1347 2544 1489 2630 quotidie

120 2639 368 2704 ascentionantis
395 2646 495 2703 totum
525 2657 624 2718 genus
646 2635 772 2702 dicendi
792 2637 918 2722 penitus
940 2640 1158 2723 cognovimus.
1202 2637 1387 2724 Eodemque
1410 2648 1490 2704 tem-

158 2755 252 2822 pore,
290 2754 361 2799 cum
394 2735 540 2820 princeps
570 2733 755 2797 Academiae
787 2731 875 2796 Philo
910 2752 982 2797 cum
1014 2735 1253 2798 Atheniensium
1285 2732 1489 2820 optimatibus

157 2827 366 2896 Mithridatico
395 2826 479 2892 hello
508 2825 604 2892 domo
632 2826 824 2912 profugisset
852 2832 1046 2912 Romamque
1073 2829 1225 2899 venisset,
1261 2835 1361 2892 totum
1384 2827 1417 2892 ei
1439 2848 1489 2893 me

158 2923 273 2989 tradidi
302 2919 478 2989 admirabili
508 2923 645 3005 quodam
673 2919 712 2985 ad
739 2919 971 3005 philosophiam
1001 2922 1104 2985 studio
1134 2921 1328 3000 concitatns;
1362 2922 1395 2987 iu
1426 2943 1490 3008 quo

159 3016 219 3084 boc
241 3017 335 3082 etiam
358 3013 577 3082 commorabar
598 3014 757 3094 attentius,
792 3013 894 3102 quod,
930 3016 988 3079 etsi
1009 3035 1118 3079 rerum
1140 3013 1280 3098 ipsarum
1303 3016 1437 3082 varietas
1460 3027 1490 3082 et

122 3113 342 3199 romagninus
364 3132 488 3177 summa
509 3133 559 3174 me
581 3108 789 3175 delectatione
811 3107 984 3183 retinebat,
1009 3117 1111 3174 tamen
1134 3111 1258 3174 sublata
1278 3109 1344 3175 iam
1366 3132 1436 3177 esse
1458 3115 1490 3177 in

160 3217 348 3292 perpetuum
379 3206 460 3271 ratio
492 3204 682 3270 indiciorum
714 3205 892 3269 videbatur.
945 3207 1018 3268 307.
1052 3202 1219 3269 Occiderat
1249 3204 1405 3290 Sulpicius
1436 3206 1489 3271 illo

161 3321 243 3366 anno
272 3309 397 3386 tresque
425 3302 569 3387 proximo
598 3301 693 3363 trium
720 3306 857 3362 aetatum
880 3305 1023 3363 oratores
1045 3309 1135 3363 erant
1156 3296 1371 3367 crudelissime
1396 3304 1492 3366 inter-

161 3395 254 3471 lecti,
287 3398 327 3473 Q.
353 3394 499 3469 Catulus,
533 3398 574 3458 M.
595 3390 767 3469 Antonius,
792 3393 826 3457 C.
846 3393 956 3458 Iulius.
1000 3392 1122 3459 Eodem
1143 3415 1227 3459 anno
1250 3398 1344 3459 etiam
1367 3394 1487 3461 hloloni

162 3492 286 3559 Rhodio
309 3494 427 3554 Romae
450 3489 594 3554 dedimus
616 3507 747 3573 operam
767 3495 799 3551 et
820 3491 918 3552 actori
939 3508 1063 3553 summo
1085 3509 1250 3553 causarum
1272 3500 1305 3554 et
1325 3490 1490 3574 magistro.

124 3586 230 3651 ⁸⁸XC.
255 3587 340 3649 llaec
362 3584 421 3649 etsi
442 3587 589 3650 videntur
610 3604 680 3649 esse
701 3582 895 3668 aproposita
910 3583 1031 3648 ratione
1047 3582 1191 3659 diversa,
1217 3593 1320 3649 umen
1335 3584 1492 3649 idcircoa

163 3700 215 3745 me
229 3680 452 3767 proferuntur,
477 3685 511 3743 nt
525 3686 668 3742 nostrum
682 3697 809 3744 cursum
823 3679 1023 3762 perspicere,
1047 3679 1196 3764 quoniam
1213 3679 1358 3752 voluisti,
1380 3682 1488 3754 Brute,

162 3774 327 3861 possis-
347 3771 537 3838 namAttico
559 3771 635 3838 haec
661 3779 736 3836 nota
755 3779 887 3835 sunt-
904 3780 935 3836 et
956 3771 1081 3848 videre,
1104 3772 1370 3857 quemadmodum
1393 3775 1491 3839 simus

162 3870 197 3936 in
219 3870 320 3956 spatio
340 3869 380 3945 Q.
397 3866 601 3932 Hortensium
623 3865 722 3951 ipsius
743 3865 884 3951 vestigiis
902 3868 1073 3949 persecuti.
1118 3870 1193 3933 308.
1217 3869 1402 3932 Triennium
1423 3869 1492 3934 iere

162 3963 221 4030 luit
243 3960 320 4028 urbs
345 3963 413 4027 sine
437 3961 553 4036 armis,
587 3964 644 4026 sed
666 3969 829 4027 oratorum
855 3970 910 4026 aut
933 3961 1062 4026 interitu
1089 3969 1142 4026 aut
1168 3960 1308 4028 discessu
1336 3971 1390 4027 aut
1416 3964 1491 4046 iuga

125 4067 205 4113 ⁴⁰·—
219 4080 292 4124 nam
308 4061 440 4122 aberant
460 4057 553 4120 etiam
569 4053 784 4121 adolescentes
798 4060 841 4121 Μ.
858 4057 988 4121 Crassus
1000 4064 1031 4121 et
1041 4059 1167 4122 Lentuli
1184 4061 1305 4121 dno-
1322 4057 1441 4139 primas
1459 4059 1491 4121 in

117 4184 119 4188 >
165 4152 266 4219 causis
286 4154 399 4237 agebat
419 4150 624 4227 Hortensium
646 4148 745 4232 magis
764 4152 927 4234 magisque
949 4150 1091 4236 quotidie
1111 4149 1305 4234 probabatur
1317 4153 1490 4227 Antistins;

164 4247 236 4313 Piso
263 4268 357 4334 saepe
387 4245 529 4324 dicebat;
565 4245 667 4308 minus
697 4264 792 4331 saepe
820 4246 1027 4331 Pomponius,
1059 4266 1132 4310 raro
1165 4247 1285 4322 Carbo,
1319 4247 1419 4310 semel
1440 4253 1494 4310 aut

235 4524 262 4574 5.
281 4524 319 4576 Μ.
340 4529 411 4575 recte
430 4521 559 4574 delerlsse
577 4521 682 4571 vtdetur
701 4520 815 4572 Ellendt.
843 4545 871 4557 -
901 4543 933 4556 -
960 4520 986 4570 d.
1013 4521 1058 4571 cut
1084 4519 1205 4583 frequens
1222 4521 1333 4570 adeum
1353 4519 1413 4570 llhrl
1439 4521 1494 4583 plu·

167 4594 225 4646 rlml
245 4601 273 4645 et
292 4595 334 4644 R:
362 4595 410 4658 qut
427 4593 466 4654 (ld
485 4599 544 4651 est,
575 4590 648 4657 quot)
673 4590 794 4654 frequens
821 4591 930 4640 oderam
949 4591 1000 4642 Gu.
1022 4595 1047 4642 1.
1068 4592 1095 4640 A.
1124 4594 1242 4655 ultique,
1272 4591 1343 4641 unde
1370 4593 1419 4653 qul
1443 4591 1495 4654 [re-

167 4671 271 4728 quenter
288 4666 402 4714 oderam
421 4676 480 4714 eum
498 4662 565 4713 Aldo
585 4663 675 4713 hamb.
691 4662 721 4711 s.
735 4687 769 4697 -
785 4662 829 4710 15.
849 4662 875 4708 ts·
893 4662 940 4724 ις.
959 4659 1204 4724 (praesciacus.)
1223 4663 1339 4724 allique,
1359 4661 1403 4711 ll:
1424 4665 1444 4711 ts·
1462 4664 1493 4713 S.

168 4754 202 4769 ...
220 4733 264 4783 aa.
283 4739 372 4784 tumeo
390 4733 532 4784 Corradus.
552 4735 647 4783 -11,
668 4734 699 4796 Q.
719 4732 749 4782 F.
770 4744 830 4782 cum
849 4732 970 4783 Fabrtclo
992 4741 1019 4783 et
1038 4733 1168 4784 Wetsetto
1188 4733 1312 4784 Ellendt:
1331 4730 1363 4782 Ρ.
1382 4732 1414 4781 F.
1435 4744 1496 4783 curu

167 4801 243 4854 ltbrls
261 4807 383 4854 omnibus
401 4804 457 4853 ΜΕ.
486 4830 515 4842 -
548 4804 592 4854 ³0.
618 4799 716 4866 tameo]
734 4804 780 4854 ssd
797 4809 886 4853 tomen
903 4802 936 4855 D.
957 4803 1004 4869 ις.
1025 4816 1116 4856 omnes
1134 4802 1251 4868 (praeter
1274 4798 1331 4868 35.)
1350 4800 1403 4854 Gu.
1424 4805 1450 4854 1.
1469 4803 1495 4854 9.

167 4873 263 4927 urea.
282 4873 458 4928 amentatum
477 4877 555 4927 ettam
575 4877 602 4925 ln
620 4874 653 4925 lt.
