3232 5392
152 224 214 297 iob
651 226 705 294 DE
726 222 976 296 INVENTIONE

149 389 185 457 in
213 409 284 454 cem
312 396 478 476 praecepta
506 387 660 454 dedimus.
705 389 777 453 Alio
806 393 910 454 sutem
940 387 1012 454 loco
1042 391 1082 454 dc
1113 391 1230 477 scripto
1259 399 1291 456 et
1321 393 1480 458 sententia

150 484 302 550 disemus.
346 488 437 550 Nunc
456 486 489 549 in
510 485 641 550 alteram
663 482 876 549 concessionis
896 492 1018 572 partem
1047 482 1354 575 [considerationem]
1378 489 1482 554 inten-

150 579 275 646 danus.

235 675 382 741 xxxw.
422 675 493 740 104.
530 675 722 758 Deprecatio
736 683 801 751 est,
825 675 857 739 in
878 694 940 760 que
961 692 1026 740 non
1048 673 1193 741 defensio
1213 672 1288 741 iacti
1310 673 1366 741 sed
1387 677 1480 761 igno·

128 771 261 837 essendi
282 770 451 857 postulatio
473 768 662 834 continetur.
708 771 778 834 Hoc
805 790 904 853 genus
931 770 987 834 rix
1006 771 1041 833 in
1061 768 1179 835 iudicio
1201 772 1333 853 probari
1353 778 1477 855 potest,

150 862 225 933 ideo
246 860 330 952 quod
353 882 504 928 concesso
525 869 658 946 peccato
679 862 805 930 difficile
829 872 877 929 cst
897 867 937 929 ab
962 882 1019 942 eo,
1054 863 1110 951 qni
1135 871 1338 947 pcccatorum
1359 862 1481 932 vindex

151 979 221 1025 esse
249 956 361 1036 debet,
400 966 437 1024 ut
463 958 623 1044 ignoscat,
661 960 842 1043 impetrare.
888 961 994 1037 Quero
1020 967 1111 1045 parto
1133 961 1202 1023 eins
1223 962 1367 1044 generis,
1406 981 1480 1025 oum

151 1072 276 1120 ausam
298 1073 363 1119 non
384 1055 419 1117 iu
440 1070 480 1117 oo
509 1053 722 1127 constitueris,
755 1053 801 1118 uti
832 1050 949 1118 licebit.
995 1055 1034 1118 Ut
1055 1055 1082 1118 si
1103 1073 1163 1140 pro
1186 1056 1293 1139 aliquo
1315 1057 1403 1120 claro
1425 1062 1482 1120 eut

151 1146 225 1214 sorti
238 1151 332 1224 sim,
354 1149 443 1212 cuius
463 1147 497 1213 in
518 1167 586 1213 rem
607 1145 766 1230 publicam
789 1146 886 1213 multu
908 1156 981 1212 sunt
1001 1145 1170 1223 beneficia,
1194 1149 1331 1224 dixeris,
1355 1149 1478 1236 possis,

114 1258 224 1307 semem
244 1243 382 1308 rideeris
402 1262 467 1306 non
490 1242 536 1307 cti
559 1243 795 1327 deprecatione,
817 1244 863 1306 uti
877 1250 1003 1318 tamen,
1025 1240 1065 1307 ad
1080 1244 1164 1308 hunc
1176 1244 1322 1307 modum:
1346 1244 1480 1320 Quodsi,

151 1337 286 1414 iudices,
319 1336 373 1402 hic
400 1355 460 1420 pro
486 1337 552 1402 suis
578 1333 756 1413 benefieiis,
791 1356 852 1419 pro
874 1358 932 1401 suo
954 1334 1075 1412 studio,
1108 1338 1194 1423 quod
1216 1336 1249 1401 in
1270 1356 1328 1403 ros
1351 1356 1482 1422 semper

150 1431 280 1509 haemo,
314 1430 370 1497 tali
399 1450 459 1497 suo
485 1439 628 1518 tempore
657 1433 828 1497 multorum
859 1451 988 1497 sucrum
1017 1441 1106 1497 recte
1131 1432 1287 1496 factorum
1308 1450 1404 1496 causa
1425 1433 1481 1497 uni

152 1522 267 1591 delicto
289 1533 324 1591 ut
344 1528 550 1612 ignosceretis
569 1527 758 1612 postularet,
781 1533 843 1591 tam
866 1527 995 1612 dignum
1013 1534 1116 1592 restra
1130 1525 1370 1592 mansuetudine
1384 1546 1481 1611 quam

151 1619 267 1687 virtme
289 1619 382 1687 buius
403 1629 505 1698 esset,
529 1618 663 1694 iudices,
687 1641 704 1685 a
726 1618 816 1686 vobis
838 1622 920 1686 banc
941 1641 1010 1687 rem
1032 1618 1093 1686 boc
1109 1622 1288 1707 postulante
1301 1619 1479 1704 impetrari.

116 1726 143 1772 1⁸
152 1717 274 1781 lleindo
294 1732 412 1800 augere
445 1714 596 1781 beneficia
630 1717 740 1780 licebit
771 1722 804 1779 et
839 1716 959 1782 iudices
981 1736 1040 1801 per
1074 1715 1179 1781 locum
1210 1734 1411 1782 communem
1441 1719 1482 1781 ad

151 1807 336 1895 ignoscendi
362 1810 555 1878 voluntatem
577 1808 745 1876 deducere.
793 1813 864 1876 105.
889 1812 995 1888 Quare
1016 1815 1087 1875 hoc·
1099 1829 1213 1896 genus,
1235 1830 1427 1899 quemquam
1449 1813 1483 1877 in

153 1903 278 1973 iudiciis
298 1924 362 1971 non
385 1913 545 1982 versatur,
569 1905 630 1969 nisi
652 1902 787 1990 quadam
809 1926 850 1970 ex
872 1913 977 1988 parte,
1001 1913 1125 1982 tamen,
1160 1907 1233 1991 quie
1255 1912 1287 1969 et
1306 1923 1380 1990 pers
1401 1907 1483 1971 baec

154 2003 222 2086 ipsa
243 1999 419 2066 inducenda
440 2019 665 2086 nonnunquam
688 2007 736 2065 est
757 2006 788 2065 et
810 2001 844 2064 in
865 2007 976 2065 senatu
998 2007 1053 2066 ant
1075 1998 1107 2065 in
1129 1998 1264 2064 consilio
1285 2018 1380 2085 saepo
1395 2000 1483 2066 omni

153 2097 187 2159 in
209 2114 326 2181 genere
347 2097 524 2170 tractanda,
554 2092 640 2159 inid
662 2114 790 2180 quoque
811 2103 982 2181 praccepta
1003 2110 1170 2178 ponemus.
1214 2096 1294 2159 Nam
1315 2095 1350 2159 in
1371 2104 1483 2159 senatu
1509 2091 1513 2109 '

117 2197 187 2255 eset
206 2186 241 2253 in
263 2188 395 2255 oonsilio
416 2187 455 2254 do
478 2190 620 2278 Syphace
641 2187 696 2255 diu
718 2188 926 2255 deliberatum
942 2197 1006 2266 est3
1030 2186 1116 2254 etde
1140 2190 1180 2266 Q.
1197 2187 1377 2253 Numitorio
1391 2189 1483 2253 Pullo

155 2287 238 2371 apud
266 2287 304 2349 L.
319 2283 478 2370 Opimium
509 2292 541 2347 et
569 2285 637 2349 eius
668 2283 833 2348 consilium
863 2285 917 2349 diu
938 2286 1057 2349 dictum
1080 2290 1139 2348 est.
1183 2285 1224 2347 Et
1244 2280 1345 2367 magis
1366 2283 1399 2346 in
1421 2283 1485 2346 hoc

155 2379 282 2465 quidem
312 2377 497 2464 ignoscendi
529 2397 622 2464 quam
655 2380 867 2465 cognoscendi
894 2377 1064 2464 postulatio
1093 2378 1203 2442 valuit.
1247 2378 1327 2440 Nam
1356 2392 1484 2461 semper

154 2477 260 2539 animo
291 2476 376 2537 bono
406 2493 440 2538 se
469 2475 501 2537 in
528 2475 681 2559 populum
702 2477 877 2538 Romanum
900 2471 997 2538 fuisse
1021 2493 1084 2537 non
1107 2480 1170 2536 tam
1192 2469 1285 2535 facile
1306 2466 1482 2556 probabat,

155 2589 227 2632 cum
250 2567 453 2634 coniecturali
474 2568 696 2641 constitutione
718 2575 876 2644 uteretur,
899 2588 992 2652 mem
1013 2573 1050 2631 ut
1070 2574 1201 2652 propter
1215 2563 1372 2648 posterius
1388 2565 1488 2628 bene-

117 2660 261 2728 ²⁸licium
282 2659 344 2726 sibi
365 2664 597 2746 ignosceretur,
630 2683 702 2726 oum
724 2660 959 2743 deprecationis
981 2667 1087 2747 partes
1107 2657 1305 2744 adiungeret.
1348 2659 1483 2725 XXXV.

67 2824 70 2830 ,
157 2758 227 2822 100.
249 2756 419 2842 Oportebit
441 2755 536 2841 igitur
557 2775 646 2831 eum,
678 2758 733 2841 qui
755 2755 816 2820 sibi
837 2764 873 2821 nt
894 2752 1092 2840 ignoscatur,
1121 2749 1314 2842 postulabit,
1348 2772 1487 2818 commc-

156 2869 297 2926 morere,
320 2852 346 2916 si
369 2871 431 2937 qna
452 2872 508 2916 sua
530 2852 647 2934 poterit
668 2847 821 2915 beneficio
843 2858 894 2926 et,
918 2852 945 2915 si
966 2850 1098 2936 poterit,
1123 2846 1290 2913 ostendere
1306 2868 1345 2912 ea
1362 2850 1488 2913 maiora

157 2964 225 3011 esse
247 2965 342 3030 quam
364 2948 458 3020 baec,
493 2966 574 3031 quae
597 2942 780 3029 deliquerit,
813 2951 849 3009 ut
875 2946 947 3027 plus
975 2944 1016 3008 eb
1038 2962 1077 3008 eo
1100 2940 1176 3007 boni
1198 2962 1292 3030 quem
1314 2945 1389 3007 mali
1412 2962 1489 3025 pro·

156 3038 272 3105 sectum
294 3059 363 3104 esse
385 3041 546 3118 uideatur3
582 3037 697 3105 deindo
718 3041 875 3104 maiorum
898 3057 1029 3104 suorum
1052 3035 1225 3113 beneficia,
1249 3039 1276 3101 si
1298 3058 1361 3124 qun
1383 3044 1488 3102 exsta·

120 3136 252 3207 ³⁰bunt‚
285 3132 448 3220 proserrc3
486 3136 600 3199 deinde
633 3132 800 3199 ostendere
828 3153 893 3197 non
925 3131 1000 3198 odio
1020 3152 1125 3218 neque
1147 3133 1331 3197 crudelitate
1353 3133 1484 3208 fecisse,

159 3227 244 3315 quod
275 3227 400 3303 iecerit,
435 3230 491 3293 sed
521 3235 575 3294 out
601 3227 730 3293 stultitia
760 3234 814 3292 aut
835 3229 972 3310 impulsu
995 3225 1126 3291 alieuius
1147 3234 1202 3291 aut
1224 3225 1328 3313 aliqua
1350 3229 1485 3291 honesta

159 3331 213 3388 aut
242 3322 398 3409 probabili
427 3343 536 3401 causa3
572 3330 683 3409 postea
710 3321 852 3406 polliceri
882 3329 914 3386 et
941 3319 1129 3385 confirmare
1163 3341 1197 3384 se
1220 3326 1252 3385 et
1272 3322 1333 3384 boc
1355 3327 1486 3403 peccato

160 3421 287 3484 doctum
317 3425 349 3483 et
376 3417 529 3483 beneficio
560 3438 689 3493 eorum,
724 3419 779 3504 qui
807 3417 868 3481 sibi
902 3419 1096 3502 ignoverint,
1128 3411 1365 3489 confirmatum,
1399 3411 1489 3478 omni

161 3522 303 3599 temporo
324 3535 343 3576 a
365 3514 418 3576 tali
439 3510 560 3577 ratione
587 3511 766 3589 abiturum
804 3510 918 3575 deinde
948 3530 1036 3594 spem
1070 3507 1236 3575 ostendere
1264 3506 1369 3594 aliquo
1398 3528 1432 3571 se
1455 3509 1489 3573 iu

123 3609 232 3672 sslooo
255 3624 368 3692 magno
390 3609 444 3682 iis,
478 3606 532 3693 qui
554 3608 614 3671 sibi
638 3607 869 3679 concesserint,
904 3607 976 3670 usui
1004 3603 1160 3669 futurum:
1201 3605 1272 3668 10⁷.
1295 3610 1425 3689 postea,
1461 3604 1488 3666 si

160 3700 291 3768 facultas
314 3703 388 3777 erit,
418 3723 452 3766 se
474 3708 528 3766 aut
548 3701 815 3786 consanguineum
838 3707 892 3764 aut
913 3701 975 3764 iam
998 3719 1017 3763 a
1039 3695 1212 3764 maioribus
1232 3698 1388 3781 imprimis
1410 3698 1489 3762 ami·

230 3971 257 4020 1.
278 3973 302 4019 et
319 3968 350 4019 ds
361 3970 489 4019 sententio
505 3969 571 4018 Plu
589 3974 616 4018 et
629 3971 722 4031 optlml
739 3968 811 4019 Ood.
824 3968 925 4018 Temen
937 3980 979 4017 ss.
993 3966 1058 4018 bees
1072 3965 1154 4016 artius
1166 3962 1351 4026 coniungenda
1365 3963 1490 4015 sidentur

161 4042 258 4092 omisso
277 4042 361 4090 altero
379 4041 420 4090 de.
440 4065 469 4077 -
504 4040 531 4088 0.
551 4040 581 4089 tn
599 4039 651 4090 del·
672 4053 742 4090 corr.
756 4041 785 4090 P.
803 4063 833 4076 -
851 4046 959 4101 portem
976 4035 1171 4087 consideremus
1188 4036 1292 4098 morsque
1309 4035 1440 4085 tondemus
1458 4034 1488 4094 P,

159 4116 265 4176 portem
290 4114 346 4161 ium
370 4111 552 4161 contendemus
571 4123 610 4171 pr.
631 4110 718 4161 Sobol·
737 4111 829 4167 0cd·,
861 4122 912 4172 oua
932 4115 1020 4160 temen
1049 4110 1075 4156 ln
1100 4106 1160 4157 leet·
1177 4105 1297 4157 abundet
1314 4105 1387 4164 tues,
1417 4105 1490 4158 unde

162 4183 321 4234 Seboteluss
353 4179 428 4230 Nunc
454 4181 490 4230 od
513 4178 572 4244 (stc)
599 4179 713 4231 clemens
731 4180 905 4232 concessionis
921 4182 1026 4244 portem
1044 4177 1238 4228 contendemus.
1275 4174 1352 4226 Adde
1372 4179 1492 4237 interpo-

163 4254 288 4305 lattonem
318 4255 397 4301 unlus
424 4250 528 4302 Onon:
558 4253 765 4313 purtemccteen
783 4249 924 4301 trudemus.
962 4250 995 4300 Ut
1017 4261 1085 4307 nos,
1116 4248 1184 4307 Alt3
1215 4246 1261 4297 sed
1288 4246 1445 4298 seclusimus
1463 4261 1489 4296 s.

163 4324 418 4377 considerationem,
438 4335 491 4384 quo
510 4329 640 4381 expuncto
659 4321 794 4373 Ciceronis
812 4333 920 4371 menum
940 4323 1088 4371 restitutum
1107 4320 1139 4369 trl
1160 4323 1294 4380 putamus.
1322 4341 1353 4354 ··
1384 4317 1411 4367 o.
1430 4323 1492 4369 sunt

162 4393 232 4444 ean
253 4406 398 4455 omnesque
417 4391 506 4443 ond-e
532 4393 585 4441 sint
603 4393 633 4441 ll.
661 4416 694 4429 -
725 4393 767 4443 10.
788 4387 887 4453 tumen]
906 4397 970 4441 tune
988 4389 1019 4441 P.
1043 4413 1075 4426 -
1106 4391 1149 4440 11.
1173 4401 1274 4452 semper
1292 4388 1385 4439 bobutt
1401 4387 1490 4438 sans

162 4465 255 4515 babuit
267 4475 367 4526 semper
379 4463 410 4512 Ε.
423 4486 453 4498 -·
476 4460 519 4512 1³.
539 4459 604 4525 tous]
623 4467 686 4514 tunc
704 4474 744 4523 pr.
765 4463 795 4521 P,
814 4461 933 4511 tamena
946 4458 1094 4513 steort-P.
1110 4485 1139 4497 -
1159 4473 1240 4525 puceu
1252 4471 1306 4510 om.
1325 4459 1387 4517 Pu,
1407 4465 1491 4522 utque

163 4539 202 4587 sle
222 4535 332 4584 Lemo:
353 4541 442 4583 samen
459 4534 567 4597 dtpnuns
584 4538 673 4582 oestro
690 4532 907 4585 mansuetudine,
927 4531 1039 4594 dtpnuen
1056 4531 1164 4581 uirtute.
1181 4555 1216 4565 -
1234 4528 1278 4579 td.
1298 4530 1391 4580 ducem
1403 4530 1490 4588 PAR,

162 4605 285 4657 sedocus
302 4604 357 4654 Pel.
376 4604 419 4662 1..
437 4605 575 4666 perducere
594 4603 679 4655 Oxou.
700 4617 781 4655 unos.
801 4601 845 4665 (Ut
862 4615 927 4656 nos,
947 4603 1002 4653 Psl.
1023 4600 1059 4651 ll.
1079 4600 1156 4652 Letd.
1175 4600 1212 4651 ll.
1232 4600 1307 4651 Voss.
1328 4601 1381 4656 11.,
1401 4597 1445 4664 L.)
1458 4624 1490 4637 -

165 4675 209 4726 t'l.
226 4686 293 4738 pure
311 4676 372 4724 baec
390 4676 449 4736 tpsn
468 4673 503 4731 P,
531 4674 619 4724 Scbol.
651 4675 727 4724 Voss.
746 4675 769 4725 l.
798 4673 874 4724 Leld.
894 4673 965 4723 lll.=
993 4672 1140 4735 porsepsc
1157 4670 1236 4721 dlllt.
1259 4696 1288 4709 -
1319 4671 1363 4720 st.
1381 4669 1492 4721 ductum

164 4746 209 4798 Pli
226 4744 336 4809 ellicus·
356 4768 387 4780 -
417 4743 461 4794 3³.
487 4745 653 4808 tpnoscerent
671 4745 723 4796 ΡΑ.
750 4771 779 4783 -
811 4743 854 4793 30.
879 4745 985 4795 ratione
1001 4746 1110 4794 euutusn
1127 4742 1245 4802 dossum
1264 4740 1352 4792 Sobol.
1371 4739 1448 4791 Voss.
1469 4742 1493 4790 1.

164 4817 241 4870 Letd·
259 4815 295 4864 ll.
313 4815 361 4866 lll.
397 4814 509 4864 Videtur
533 4821 621 4868 temen
640 4817 716 4881 gloss.
744 4813 788 4881 (Ut
805 4828 871 4878 nos,
890 4813 930 4876 P,
960 4812 1143 4878 sutorum,
1173 4810 1388 4876 abluturum,
1419 4823 1491 4877 quse

166 4891 296 4952 scrtptort
314 4891 355 4941 eet
371 4885 442 4953 apud
461 4883 504 4948 ll.)
