3232 5392
184 167 225 236 26
688 173 741 238 ΑΙ)
763 171 1001 239 HERENNlUll-

182 352 252 396 cum
276 330 382 396 omnia
405 333 570 417 collegisse
591 332 771 409 videamur,
802 336 937 420 aliquam
959 336 1106 399 idoneam
1128 341 1250 420 partem
1272 336 1508 422 reliquerimus.

181 427 234 491 31.
258 429 337 490 Item
361 427 476 491 vitiosa
498 429 652 512 expositio
676 436 739 503 est,
775 449 855 514 quae
877 437 999 493 constat
1019 452 1059 493 ex
1080 432 1158 495 salsa
1180 433 1421 496 enumeratione
1429 453 1438 509 ;
1475 441 1511 495 ut

183 524 229 598 si,
253 544 324 586 cum
346 524 437 607 plura
459 529 547 598 sunt,
570 523 720 605 pauciora
742 524 898 599 dicamus,
932 526 993 588 hac
1015 528 1128 589 mado:
1166 527 1255 589 Duae
1277 548 1327 591 res
1350 533 1439 601 sunt,
1461 528 1511 589 iu·

183 619 285 692 dices,
326 636 407 701 quae
438 617 584 681 homines
616 619 655 681 ad
691 615 879 681 maleficium
915 619 1098 704 impellunt,
1134 621 1277 684 luxuries
1304 626 1335 684 et
1364 620 1506 683 auaritia.

158 712 267 790 sQuid
289 716 400 775 amor‘t
432 713 553 797 inquiet
574 712 746 797 quispiam
768 712 843 796 qnid
865 713 1015 776 ambitio?
1046 715 1122 800 quid
1142 714 1277 798 religios
1309 715 1385 800 quid
1407 721 1510 777 metus

181 806 315 872 mortist
338 808 413 892 quid
434 808 558 892 imperii
580 807 754 891 cupiditas?
782 807 856 891 quid
879 808 1015 893 denique
1035 810 1097 872 alia
1118 810 1295 894 permulta?
1329 811 1409 872 ltem
1431 809 1511 872 salsa

182 901 378 964 enumeratio
403 909 466 977 est,
499 924 569 966 cum
591 904 742 989 pauciora
763 912 834 966 sunt
861 912 893 967 et
911 905 1002 989 plura
1024 903 1171 976 dicimus,
1200 904 1263 966 hoc
1283 904 1398 966 modo:
1431 905 1509 966 Tres

181 1015 233 1059 res
255 1002 342 1070 sunt,
374 1016 454 1081 quae
476 999 621 1061 homines
643 999 830 1071 sollicitant,
860 1005 980 1071 metus,
1011 998 1180 1081 cupiditas,
1204 998 1380 1079 aegritudo.
1427 996 1509 1058 Satis

183 1091 268 1155 enim
290 1091 393 1154 iuerat
415 1092 532 1156 dixisse
554 1099 672 1155 metum
695 1098 726 1156 et
748 1091 968 1176 cupiditatem
1006 1093 1156 1174 quoniam
1185 1091 1415 1174 aegritudinem
1436 1110 1508 1152 cum

145 1202 173 1242 to
181 1194 314 1272 utraque
344 1208 379 1251 re
408 1187 606 1249 coniunctam
637 1207 706 1249 esse
724 1206 861 1250 ‘necesse
883 1192 941 1249 est.
985 1186 1191 1249 XX11.1tem
1213 1186 1328 1248 vitiosa
1350 1183 1507 1268 expositio

183 1289 247 1356 est,
278 1301 358 1366 quae
380 1282 513 1344 nimium
534 1283 629 1364 longe
652 1282 821 1366 repetitur,
850 1281 912 1342 hoc
935 1280 1047 1342 moda:
1082 1279 1230 1343 Omnium
1253 1281 1409 1342 malorum
1432 1279 1509 1342 stul-

181 1377 249 1439 titia
271 1382 319 1438 est
341 1383 456 1450 mater,
481 1396 561 1461 quae
582 1394 658 1460 prae
681 1376 794 1439 ceteris
809 1375 890 1459 parit
904 1374 1073 1437 immensas
1089 1375 1285 1459 cupiditates.
1331 1375 1508 1436 Immensae

180 1489 277 1554 porro
310 1470 496 1554 cupiditates
523 1467 662 1532 infinitae
691 1466 743 1552 [et]
774 1469 1000 1531 immoderatae
1031 1475 1114 1531 sunt.
1160 1470 1228 1533 llae
1256 1468 1388 1553 pariunt
1409 1467 1510 1531 arari-

182 1564 268 1625 tiam.
313 1563 452 1627 Avaritia
478 1581 574 1645 porro
602 1563 765 1626 hominem
794 1564 833 1625 nd
862 1562 995 1646 quodvis
1024 1559 1211 1625 maleficium
1234 1563 1378 1647 impellit.
1423 1562 1508 1643 Ergo

53 1702 57 1710 .
144 1670 171 1713 rs
181 1656 311 1718 avaritia
333 1657 452 1719 inducti
473 1656 643 1719 adversarii
665 1656 764 1720 nostri
787 1657 848 1718 hoc
875 1657 907 1718 in
929 1677 963 1718 se
984 1656 1105 1718 facinus
1126 1657 1330 1719 admiserunt.
1377 1657 1437 1718 llic
1458 1655 1507 1728 id,

181 1753 266 1835 quod
289 1758 464 1814 extremum
487 1751 690 1824 dictumest,
725 1752 799 1814 satis
821 1748 880 1813 tuit
901 1769 1076 1835 exponere,
1109 1772 1150 1814 ne
1171 1752 1308 1814 Ennium
1331 1757 1364 1815 ct
1385 1757 1510 1814 ceteros

181 1852 291 1929 poetas
313 1845 490 1921 imitemur,
514 1847 629 1930 quihus
651 1847 713 1908 lroc
735 1846 831 1908 mado
853 1845 941 1930 loqui
964 1865 1148 1908 concessum
1171 1853 1236 1908 est:

353 1970 473 2032 Utinam
493 1989 529 2031 ae
551 1970 584 2030 ia
604 1987 722 2031 armore
743 1968 826 2030 Pelio
846 1968 998 2030 securibus

350 2065 443 2127 Caesa
463 2064 612 2127 cecidisset
633 2063 757 2144 abiegna
778 2064 817 2125 ad
838 2071 952 2125 terram
972 2063 1085 2135 trabea·

349 2161 425 2222 Nece
446 2159 514 2221 inde
534 2160 622 2220 aaois
644 2158 826 2220 iaclecaadae
847 2157 1006 2219 scordium

351 2254 513 2335 Coepisset,
536 2272 611 2334 quae
632 2272 710 2314 aaac
730 2254 907 2315 nominatur
926 2253 1044 2314 nomiae

349 2349 448 2429 Argo,
471 2368 530 2430 pua
550 2348 625 2408 ocati
646 2346 754 2428 Arpini
774 2347 876 2409 delecti
896 2347 958 2407 ciri

349 2442 487 2505 Petebant
507 2443 593 2504 illam
608 2442 716 2522 pellem
737 2442 911 2503 inauratam
932 2439 1039 2502 arietis

351 2537 482 2608 Colchis,
505 2537 632 2617 imperio
655 2536 736 2617 repis
755 2536 868 2608 Peliae,
887 2554 945 2616 per
965 2535 1080 2607 dalam,·

143 2652 170 2694 ss
351 2633 430 2695 Illam
451 2650 603 2713 aaaqaam
624 2632 697 2692 hera
718 2649 825 2692 errans
846 2649 912 2692 mea
932 2630 1018 2691 domo
1040 2629 1156 2710 efferret
1171 2629 1293 2711 pedem,

349 2727 467 2799 Medea,
491 2728 593 2789 naimo
613 2745 720 2807 aegra,
743 2744 845 2789 amare
866 2743 952 2787 saeuo
974 2724 1090 2785 saucia.

179 2869 258 2931 Nam
279 2866 333 2931 hic
354 2867 428 2929 satis
450 2875 518 2930 erat
540 2867 663 2941 dicere,
687 2867 713 2929 si
735 2867 768 2930 id
783 2868 899 2940 modo,
923 2866 1009 2950 quod
1024 2872 1108 2929 esset
1121 2866 1214 2939 satis,
1238 2872 1378 2930 curasset
1392 2872 1504 2951 potita:

353 2989 473 3052 Utinam
493 3009 529 3051 ae
549 2990 622 3051 hera
644 3007 752 3052 errans
772 3008 838 3051 mea
858 2989 944 3050 domo
966 2988 1082 3069 efferret
1097 2988 1217 3070 pedere,

348 3084 451 3147 Medea
471 3118 524 3144 -.

144 3229 263 3309 soErgo
295 3227 354 3288 hac
387 3245 512 3309 quoque
545 3226 584 3286 ab
613 3224 723 3286 ultimo
752 3223 940 3306 repetitione
970 3223 1002 3285 in
1039 3220 1287 3308 expositionibus
1317 3244 1509 3308 magnopere
1581 3292 1583 3299 ,

180 3320 448 3404 supersedendum
471 3326 528 3381 cst.
574 3320 645 3380 Nan
675 3317 758 3379 enim
787 3318 1054 3401 reprehensione,
1092 3319 1173 3381 sicut
1200 3319 1280 3382 aliae
1308 3320 1508 3402 complures,

181 3417 237 3478 sed
259 3435 314 3477 sua
335 3422 446 3499 sponte
469 3413 582 3475 vitiosa
605 3420 663 3475 est.
708 3413 825 3473 xxltt.
851 3414 902 3474 35.
926 3413 1047 3475 Vitiosa
1068 3414 1148 3475 ratio
1171 3421 1237 3488 est,
1261 3433 1341 3498 quae
1356 3415 1397 3476 ad
1412 3433 1511 3497 expo-

180 3511 326 3572 sitionem
349 3530 413 3571 non
436 3515 483 3571 est
504 3507 739 3569 accommodata
761 3507 810 3568 vel
832 3515 960 3591 propter
982 3504 1192 3570 infirmitatem
1213 3509 1264 3571 vel
1278 3516 1408 3591 propter
1422 3509 1511 3570 vani-

180 3611 288 3665 tatem.
333 3600 459 3665 Infirma
481 3603 559 3665 ratio
584 3610 646 3674 est,
671 3620 750 3684 quae
772 3620 837 3662 non
858 3600 1035 3663 necessaria
1059 3602 1197 3665 ostendit
1217 3602 1260 3665 ita
1282 3623 1370 3676 esse,
1400 3622 1511 3685 quem-

144 3715 171 3760 as
185 3699 356 3760 admodum
380 3698 559 3780 expositum
581 3704 642 3771 est;
665 3697 751 3758 velut
772 3696 854 3778 apud
876 3695 1036 3757 Plautum:
1057 3762 1062 3777 ⁸

250 3914 276 3965 3.
297 3916 351 3963 siat
369 3914 432 3973 AT,
453 3914 482 3963 l..
505 3938 534 3949 -
554 3914 580 3963 d.
600 3914 716 3963 domines
735 3916 771 3970 B,
790 3914 828 3969 L,
851 3912 929 3961 sch-2
959 3927 1047 3963 amnes
1065 3914 1194 3972 PAFRT,
1216 3914 1246 3963 E.
1268 3940 1297 3949 -
1318 3915 1455 3977 impellant
1473 3917 1509 3975 P,

181 3985 339 4048 compellunt
358 3984 411 4034 FT.
427 4008 457 4018 -
478 3985 503 4034 5.
523 3986 609 4045 inquit
627 3984 676 4033 PF.
698 4010 728 4021 -
747 3986 841 4045 religio
855 3983 924 4031 ABR
943 3992 969 4033 et
988 3998 1026 4046 pr.
1042 3985 1097 4034 PF:
1119 3986 1242 4050 taretipto
1262 3986 1302 4045 T,
1324 3998 1359 4034 rc.
1375 3998 1442 4034 corr.
1458 3986 1508 4040 PF,

182 4058 213 4106 E.
231 4080 258 4091 -
279 4055 305 4105 7.
327 4055 440 4112 dicemus
460 4054 492 4102 Τ.
512 4078 539 4090 -
558 4055 584 4103 8.
605 4055 720 4104 homines
738 4055 844 4105 ABFT:
866 4067 952 4103 omnes
970 4053 1085 4104 homines
1104 4056 1164 4113 PR,
1184 4056 1215 4105 Ε.
1238 4081 1266 4091 -
1294 4057 1337 4106 12.
1359 4069 1425 4117 guae
1442 4070 1510 4120 prae

181 4127 273 4177 esteris
290 4127 366 4188 parit
384 4126 447 4182 AT,
467 4125 503 4173 L:
533 4128 690 4187 quaspartt
711 4126 741 4175 Ε.
775 4126 816 4188 (la
842 4127 937 4173 ceteris
961 4128 1074 4182 nostris,
1105 4128 1153 4177 etsi
1179 4125 1301 4180 turbant,
1331 4130 1422 4176 larunt
1440 4130 1509 4177 ctare

182 4208 286 4248 nostrae
308 4197 428 4246 lecttonls
448 4199 574 4257 vestigia,
596 4196 673 4245 veluti
694 4209 734 4257 pr.
748 4196 786 4244 T:
815 4201 900 4243 mater
919 4204 996 4257 atque
1013 4200 1173 4257 praeterisse
1189 4199 1280 4259 parit,
1301 4198 1337 4245 ll:
1368 4206 1454 4248 mater
1473 4205 1510 4247 est

182 4274 261 4329 utque
279 4269 417 4325 materies,
439 4280 469 4314 ea
486 4269 577 4327 parit,
599 4263 660 4326 cet.)
678 4292 703 4300 —
727 4266 770 4316 13.
793 4271 816 4312 et
834 4278 885 4314 cur.
906 4263 1050 4314 annana.
1070 4267 1123 4318 Nos
1136 4269 1301 4317 seclusimus.
1323 4292 1350 4304 -
1374 4268 1417 4316 ta.
1437 4269 1509 4333 Erpa

182 4338 334 4389 PABFRT:
361 4340 446 4399 igitur
466 4337 496 4386 Ε.
529 4361 556 4372 -
585 4337 627 4385 15.
648 4340 677 4386 in
694 4334 730 4400 se]
755 4340 784 4385 in
806 4349 847 4383 mo
872 4336 986 4386 malebat
1010 4338 1142 4388 Ruhnken
1166 4340 1198 4387 sd
1224 4338 1306 4387 Ruttl.
1328 4349 1352 4397 p.
1367 4335 1411 4386 83.
1450 4340 1508 4389 Non

185 4411 278 4470 probo.
306 4433 338 4442 -
368 4409 411 4458 tt.
433 4421 525 4456 caesae
555 4408 704 4456 cecidissent
729 4407 854 4470 abiegnas
871 4405 1014 4456 paisant.
1046 4406 1139 4465 (Caesa
1162 4410 1296 4458 accidisset
1317 4407 1508 4471 Oudendorpto

182 4486 289 4530 auctare
309 4477 382 4540 Seli.)
409 4502 435 4512 -
472 4477 516 4527 96.
540 4479 737 4530 ttnncrersurn
759 4486 841 4527 totum
860 4478 1108 4537 omittuntPABT,
1141 4481 1434 4530 amoresaeaosaacia
1453 4495 1506 4532 om.

182 4551 215 4599 ll.
236 4577 264 4587 -
285 4550 329 4599 Yl.
348 4551 414 4599 satis
432 4554 495 4598 esset
513 4548 612 4597 aaut.
629 4573 659 4585 -
678 4552 801 4598 curarent
818 4550 909 4607 postne
925 4547 960 4607 P,
983 4555 1088 4599 curaret
1098 4555 1178 4611 poeta
1191 4551 1247 4607 AF,
1267 4554 1404 4597 curassent
1414 4555 1509 4608 postne

183 4620 214 4669 R
246 4646 266 4656 -
287 4620 330 4670 29.
350 4621 438 4669 medan
457 4619 568 4668 ternodo
586 4632 649 4669 seue
669 4618 726 4682 (ste)
745 4620 838 4667 sarreia
857 4628 896 4676 pr.
916 4618 950 4677 P,
968 4620 1057 4670 medea
1076 4633 1157 4684 aegro
1176 4631 1267 4670 amors
1283 4617 1378 4665 saucia
1396 4618 1463 4670 ΛΒΤ
1482 4631 1510 4672 ea

183 4702 250 4740 sorr.
267 4689 301 4742 Ρ.
322 4689 413 4738 medea
432 4692 522 4740 naimo
541 4702 603 4753 epra
622 4704 711 4740 amore
729 4689 823 4739 saucia
841 4686 896 4734 llll.
923 4712 946 4722 —
980 4689 1023 4738 ³0.
1043 4690 1091 4739 Vc.
1111 4692 1228 4753 arpen
1246 4694 1336 4750 sponte
1355 4689 1452 4738 vitiosa
1470 4697 1509 4742 est

183 4761 234 4810 det.
254 4760 316 4810 Sch-
337 4784 369 4794 -
398 4760 441 4809 31.
466 4761 664 4822 reprehensione
687 4760 733 4810 sed
757 4760 824 4809 sicut
843 4757 900 4818 PB,
928 4761 1126 4822 rsprsmms'oae
1147 4761 1257 4824 indiget.
1276 4757 1321 4806 ssd
1338 4758 1403 4808 deut
1421 4761 1453 4810 Τ.
1473 4787 1508 4797 -

183 4830 227 4881 31.
245 4830 290 4881 sed
309 4843 361 4881 om.
383 4830 459 4880 PBT.
