3232 5392
204 201 269 268 468
793 201 940 269 Torret

197 364 359 432 eea-nitur:
381 358 519 426 efficiens
541 378 633 426 eausa
654 361 781 446 gravior
802 381 897 449 quam
917 384 981 429 non
1003 361 1158 444 efficiens3
1191 386 1272 455 quae
1293 389 1328 434 se
1349 368 1431 456 ipsis
1453 389 1530 433 eon-

201 467 291 526 tentu
312 460 400 532 suut,
424 451 575 528 meliora,
598 473 693 539 quem
714 475 795 541 quae
817 461 910 540 egent
930 457 1014 538 aliis;
1038 479 1118 547 quae
1140 461 1311 539 innostra,
1334 484 1431 553 qnam
1446 484 1528 550 quae

205 555 239 620 in
261 551 394 619 aliorum
415 554 570 634 potestate
591 555 681 627 sunt;
705 546 828 615 stabilia
849 549 991 633 incertis3
1014 574 1095 641 quae
1118 554 1199 643 eripi
1219 576 1283 622 nou
1304 566 1456 641 possunt,
1478 557 1528 634 iis,

207 668 287 739 quae
308 651 448 734 possunt.
493 639 627 708 effectio
648 649 753 707 autem
773 643 813 709 ad
833 665 885 711 res
906 646 1025 734 aliquas
1046 658 1094 717 est
1119 649 1316 718 huiusmodi:
1349 652 1528 739 principum

182 740 371 810 scommoda
392 739 512 803 maiora
534 756 626 823 quem
653 737 869 822 reliquornm3
907 739 1062 845 itemque,
1099 765 1181 831 qnae
1209 747 1411 823 iucundiora,
1446 767 1527 834 quae

203 836 346 925 pluribus
366 834 515 919 probata,
547 852 629 917 quae
651 829 692 896 ab
713 832 831 918 optimo
854 854 980 923 quoque
1006 836 1141 903 laudata.
1185 839 1305 925 Atque,
1336 848 1372 907 ut
1393 844 1472 907 baec
1494 844 1527 906 in

204 927 436 1017 comparatione
450 925 597 1004 metiore,
621 924 665 992 sie
680 924 852 1004 deteriora,
877 950 957 1016 quae
971 929 1009 996 iis
1023 940 1095 998 sunt
1109 935 1278 999 contraria.
1323 937 1375 1005 71.
1398 937 1526 1001 Parium

203 1030 308 1089 autem
330 1022 521 1107 comparatio
543 1041 602 1086 nec
623 1020 790 1088 elationem
812 1021 906 1088 babet
926 1044 985 1090 nec
1006 1026 1265 1108 submissionem
1295 1037 1343 1095 est
1365 1030 1452 1095 enim
1473 1052 1527 1097 ae-

202 1115 313 1204 quatis.
357 1115 454 1182 Multa
476 1122 580 1180 autem
601 1125 693 1193 sunt,
717 1137 797 1203 quae
818 1120 1004 1202 aequalitate
1025 1121 1093 1207 ipsa
1111 1130 1354 1206 comparentur;
1378 1145 1461 1210 quae
1481 1126 1526 1190 ita

159 1209 269 1279 eriere
301 1209 547 1277 concluduntur:
584 1212 617 1276 Si
646 1210 777 1278 consitio
806 1214 915 1279 invare
943 1213 1027 1280 cives
1055 1220 1088 1280 et
1114 1215 1231 1283 auxilio
1252 1237 1355 1304 aequa
1376 1219 1409 1284 in
1430 1217 1524 1285 laude

202 1310 382 1394 ponendum
410 1313 474 1382 est,
510 1305 578 1391 puri
607 1304 849 1389 gloriaremur
875 1328 943 1373 esse
964 1308 1004 1388 ii,
1041 1307 1096 1395 qui
1117 1312 1298 1386 consulunt,
1337 1321 1370 1378 et
1390 1311 1431 1389 ii,
1467 1313 1524 1400 qui

192 1400 398 1481 ‹defenduut3
432 1399 520 1489 atqui
542 1401 679 1487 primum
700 1409 763 1466 est:
786 1399 872 1487 quod
892 1401 1034 1487 sequitur
1047 1403 1153 1488 igitur.
1197 1406 1340 1472 Perfecta
1355 1410 1523 1474 estomnis

200 1505 456 1584 argumentorum
477 1495 739 1561 inveniendorum
761 1499 955 1583 praeceptio,
985 1505 1035 1574 ut,
1065 1519 1136 1565 eum
1157 1497 1319 1586 profectus
1341 1505 1386 1568 sis
1407 1524 1426 1569 a
1447 1501 1524 1569 deti-

193 1597 335 1672 uitione,
363 1611 382 1656 a
402 1588 589 1679 partitione,
621 1610 641 1655 a
661 1591 837 1667 notatione,
871 1611 891 1655 a
911 1590 1103 1679 coniugatis,
1125 1613 1143 1659 a
1165 1614 1299 1678 genere,
1323 1595 1482 1676 aforma,
1504 1619 1523 1664 a

154 1708 192 1752 er
200 1685 423 1762 similitudine,
446 1704 465 1749 a
487 1683 680 1759 differentia,
702 1706 721 1750 a
742 1686 917 1762 contreriis,
948 1683 989 1752 ab
1009 1687 1181 1764 adiunctis,
1204 1709 1224 1754 a
1245 1691 1521 1776 consequentibus,

200 1779 240 1847 ab
262 1776 530 1856 antecedentibus,
564 1777 866 1866 arepugnantibus,
900 1783 1058 1860 nonusis,
1087 1780 1128 1848 ab
1149 1781 1285 1861 effectis,
1314 1804 1519 1871 ceompara-

199 1877 288 1942 tione
302 1873 473 1952 maiorum,
494 1874 667 1950 minorum,
689 1874 828 1960 parium,
850 1873 935 1941 nulla
952 1885 1116 1963 praeterea
1129 1876 1219 1944 sedes
1233 1883 1410 1966 ergrrmentr'
1425 1903 1521 1970 quae-

198 1968 297 2037 rendo
317 1968 367 2037 sit.

283 2059 372 2130 xlx.
395 2067 448 2132 72.
494 2062 557 2131 Sed
584 2061 733 2150 quoniam
760 2062 843 2131 itaa
868 2062 1025 2153 principio
1053 2068 1234 2147 divisimus,
1268 2078 1305 2137 ut
1330 2069 1409 2139 alios
1434 2071 1520 2140 toeos

155 2183 193 2228 ’so
201 2161 376 2229 diceremus
396 2160 430 2227 in
452 2179 492 2226 eo
512 2162 597 2245 ipso,
631 2161 672 2225 de
694 2177 759 2246 quo
780 2157 965 2245 ambigitur,
997 2163 1144 2240 haerere,
1181 2167 1221 2230 de
1242 2167 1356 2254 quibus
1376 2165 1453 2233 satis
1475 2177 1522 2233 est

68 2278 71 2285 ’
187 2260 333 2335 dictum,
365 2256 444 2324 ulios
471 2256 587 2321 assumi
617 2253 826 2333 extrinsecus,
864 2258 905 2322 de
925 2258 964 2320 iis
985 2276 1084 2344 panca
1105 2261 1264 2338 dieamus,
1303 2263 1361 2327 etsi
1383 2284 1423 2328 ea
1442 2263 1520 2329 nibil

200 2356 327 2421 omnino
350 2350 388 2418 ad
409 2358 529 2417 vestras
551 2350 777 2435 disputationes
797 2349 973 2436 pertinent3
996 2355 1051 2418 sed
1073 2363 1178 2420 tamen
1199 2363 1296 2421 totam
1317 2375 1387 2422 rem
1405 2355 1520 2423 efficia·

199 2471 289 2528 mus,
318 2444 572 2536 quandoquidem
602 2445 775 2528 coepimus.
827 2447 936 2531 Neque
960 2448 1044 2514 enim
1065 2454 1098 2513 tu
1119 2451 1147 2514 is
1168 2469 1221 2527 es,
1245 2470 1339 2538 quem
1360 2450 1439 2516 nihil
1459 2450 1519 2516 nisi

198 2543 250 2611 ius
278 2541 368 2608 civile
395 2540 543 2616 delectet,
579 2544 611 2603 et
636 2537 784 2626 quoniam
805 2541 885 2606 baec
906 2539 949 2606 ita
971 2539 1010 2607 ad
1032 2549 1063 2607 te
1084 2543 1280 2621 scribuntur,
1312 2551 1349 2611 ut
1369 2543 1466 2609 etiam
1487 2544 1519 2609 in

161 2667 190 2712 es
199 2638 334 2706 aliorum
355 2658 465 2702 manus
487 2637 550 2702 sint
569 2643 717 2709 ventura,
741 2635 832 2700 detur
853 2654 967 2722 opera,
997 2642 1034 2701 ut
1054 2657 1149 2721 quam
1170 2639 1339 2724 plurimum
1361 2641 1416 2715 iis,
1439 2660 1518 2724 quos

198 2741 285 2802 rectu
312 2731 416 2799 studia
444 2729 617 2806 delectant,
652 2725 802 2814 prodesse
829 2731 997 2816 possimus.
1041 2734 1094 2797 73.
1130 2733 1217 2798 Hace
1244 2752 1322 2818 ergo
1350 2753 1520 2818 argumen-

196 2831 290 2905 tatio,
313 2847 394 2913 quae
415 2827 530 2892 dicitur
549 2823 624 2890 artis
646 2843 777 2909 expers,
806 2825 840 2889 in
862 2824 1040 2890 testimonio
1061 2827 1164 2912 positu
1186 2834 1245 2893 est.
1290 2829 1517 2894 Testimonium

197 2930 300 2990 autem
321 2940 405 2987 nunc
426 2922 556 2988 dicimus
579 2939 691 2996 omne,
716 2915 802 3006 quod
823 2916 863 2984 ab
884 2921 989 3005 aliqua
1004 2941 1040 2986 re
1055 2928 1184 2988 externa
1198 2924 1334 2988 sumitur
1347 2925 1387 2988 ad
1400 2921 1518 2988 sacien-

198 3021 269 3084 dam
290 3017 397 3082 fidem.
441 3018 579 3081 Persona
605 3021 711 3078 autem
737 3034 818 3091 non,
852 3015 1078 3100 qualiscunque
1100 3024 1167 3094 est,
1202 3016 1371 3084 testimonii
1392 3014 1516 3100 pondus

161 3115 309 3191 sohabet;
342 3113 382 3176 ad
404 3107 497 3176 fidem
519 3110 603 3174 enim
623 3109 797 3173 taciendam
820 3111 985 3175 auotoritas
1007 3110 1189 3196 quaeritur,
1219 3111 1275 3178 sed
1296 3115 1516 3179 auctoritatem

197 3215 252 3272 out
282 3213 394 3272 natura
421 3212 474 3270 aut
500 3212 623 3289 tempus
649 3201 751 3267 effert.
797 3206 932 3268 Naturae
960 3205 1129 3271 auctoritas
1158 3206 1191 3271 iu
1211 3206 1327 3273 virtute
1347 3209 1431 3273 inest
1451 3228 1516 3273 ma·

195 3302 295 3384 xime;
327 3303 360 3368 in
381 3310 525 3387 tempore
545 3306 649 3366 autem
671 3298 768 3364 multa
788 3307 876 3376 sunt,
910 3319 991 3384 quae
1012 3298 1145 3365 aderant
1164 3304 1399 3379 auctoritatem,
1428 3305 1516 3388 inge·

195 3398 299 3470 nium,
332 3416 427 3480 opes,
459 3404 562 3472 aetas,
594 3393 739 3470 fortuna,
776 3413 846 3470 ars,
879 3413 971 3472 usus,
1003 3395 1188 3473 necessitas,
1222 3401 1388 3464 concursio
1420 3396 1514 3463 etiam

194 3510 420 3576 nonnunquam
452 3512 557 3556 rerum
589 3490 799 3555 fortuitarum.
843 3491 919 3554 Nam
952 3496 985 3553 et
1012 3490 1191 3575 ingeniosos
1225 3501 1256 3560 et
1287 3491 1455 3578 opulentos
1481 3500 1515 3557 et

159 3608 188 3654 ss
197 3587 307 3655 aetatis
327 3588 430 3671 spatio
452 3589 601 3673 probatos
623 3583 748 3669 dignos,
771 3581 885 3668 quibus
908 3586 1070 3662 credatur,
1095 3592 1224 3668 putant3
1258 3607 1322 3652 non
1343 3594 1430 3652 recte
1451 3584 1515 3650 ion

194 3688 297 3758 tasse,
336 3678 391 3745 sed
419 3679 506 3764 vulgi
531 3681 638 3765 opinio
668 3679 782 3751 mutari
802 3678 856 3744 uix
876 3684 997 3761 potest,
1034 3677 1075 3745 ad
1097 3700 1228 3768 eamque
1249 3683 1357 3746 omnia
1378 3682 1514 3766 dirigunt

197 3783 230 3841 et
250 3774 305 3862 qni
325 3776 464 3840 iudicant
484 3774 590 3859 etqui
612 3772 798 3839 existimant
841 3773 1185 3855 unicornuorum,
1208 3797 1287 3862 quas
1302 3776 1386 3855 dixi,
1410 3775 1514 3843 exeel-

194 3869 282 3947 lunt,
304 3869 374 3952 ipsa
394 3871 510 3936 virtute
530 3868 676 3934 ridentur
697 3867 865 3933 excellere.

280 3966 333 4030 74.
368 3965 430 4030 Sed
451 3964 579 4050 reliquis
602 3982 728 4049 quoqne
749 3960 867 4048 rebus,
888 3983 965 4050 quas
985 3964 1080 4029 modo
1105 3966 1300 4044 enumeravi,
1323 3986 1512 4054 quamquam

162 4061 230 4135 suin
250 4061 291 4126 iis
309 4059 397 4126 nulle
415 4057 537 4142 species
558 4055 681 4121 virtutis
710 4066 775 4134 est,
809 4064 914 4122 tamen
939 4060 1098 4125 interdum
1127 4058 1330 4127 confirmatur
1352 4057 1449 4139 fides,
1485 4062 1512 4127 si

198 4162 253 4221 aut
266 4173 317 4220 ars
330 4151 484 4242 quaedam
503 4150 670 4218 adhibetur
687 4186 725 4200 -
743 4170 856 4236 magna
871 4159 919 4217 est
933 4154 1016 4219 enim
1030 4156 1078 4221 ris
1092 4156 1132 4221 ad
1146 4154 1398 4243 persuadendum
1413 4157 1512 4222 scien-

196 4248 319 4317 tiae-
339 4255 395 4315 aut
415 4267 507 4326 usus;
535 4247 720 4334 plerumque
741 4248 824 4311 enim
851 4246 1068 4328 creditariis,
1091 4253 1145 4338 qui
1167 4254 1290 4336 experti
1310 4260 1392 4318 suut.
1436 4253 1508 4317 XX.

265 4463 309 4516 tu.
329 4460 413 4527 Atqui
427 4462 543 4526 patmum
560 4464 600 4510 est
617 4459 742 4511 Boetbtus
760 4461 787 4509 tn
806 4457 855 4510 Ed.
875 4458 974 4511 Basti:
1005 4460 1059 4524 At,
1079 4463 1150 4527 quod
1166 4465 1283 4527 primum
1300 4469 1337 4516 est
1359 4474 1419 4516 cum
1436 4461 1509 4515 Vatis

197 4533 231 4587 E.
268 4534 379 4587 Codtces
398 4535 479 4585 nostrt
497 4530 586 4584 turbas
606 4532 719 4583 oderunt
736 4530 937 4584 tuertrtcsbttes·
958 4555 989 4567 -
1008 4533 1052 4582 22.
1074 4533 1217 4600 efficiamus
1233 4534 1329 4596 rbdt,
1350 4533 1396 4591 Gr,
1415 4532 1455 4597 B,
1473 4546 1506 4600 pr

194 4605 364 4672 perficiemus
380 4605 438 4657 eE.
458 4627 491 4640 -
519 4603 563 4654 24.
582 4603 646 4654 taes
662 4604 702 4654 tto
720 4602 756 4653 od
772 4607 798 4650 te
816 4601 908 4652 abdt:
929 4602 965 4653 od
980 4606 1006 4652 ts
1023 4604 1086 4656 tace
1102 4609 1143 4656 tto
1159 4606 1181 4657 u
1200 4619 1260 4657 eum
1279 4608 1385 4658 estertr.
1403 4629 1437 4642 -
1462 4603 1506 4655 29.

198 4678 386 4740 quatecunque
404 4679 460 4738 ert,
486 4672 589 4726 abdet
596 4708 603 4728 ‚
624 4687 656 4747 p:
684 4672 871 4736 qualiacunque
890 4685 941 4723 om.
960 4676 998 4724 set
1016 4685 1077 4726 curn
1096 4679 1190 4729 oeterts
1209 4682 1237 4729 et
1255 4676 1329 4729 Vatia
1347 4676 1380 4727 E.
1398 4701 1433 4714 -
1462 4675 1505 4726 30.

197 4749 233 4797 od
249 4748 327 4814 fldem
345 4749 413 4799 sutus
429 4745 578 4812 secundum
594 4743 692 4804 abdi,
712 4744 771 4795 BV:
792 4744 828 4793 od
844 4742 991 4806 sudandam
1008 4747 1077 4797 enim
1093 4748 1170 4812 fidem
1188 4748 1241 4801 elt.
1262 4747 1316 4800 Ctr.
1339 4747 1416 4800 fland
1429 4745 1506 4803 Ture,

197 4816 233 4867 11.
254 4831 281 4880 p.
299 4817 361 4869 604.
391 4842 421 4854 -
452 4816 496 4868 37.
516 4816 591 4868 rebus
609 4817 643 4866 tta
660 4814 715 4866 ad:
741 4814 819 4865 rebus
836 4815 875 4865 bts
892 4814 940 4876 bt,
968 4814 1059 4880 Vatta,
1089 4819 1130 4872 bts
1151 4819 1229 4873 rebus
1252 4832 1313 4875 eum
1335 4817 1403 4873 stau
1421 4817 1454 4870 B.
1472 4840 1505 4856 -

196 4886 242 4939 et.
259 4902 359 4956 unoquo
375 4892 414 4942 ut
431 4888 500 4943 eutm
517 4884 622 4952 adet,
640 4885 700 4941 Bvs
718 4899 818 4952 meque
835 4886 902 4940 cutm
919 4889 956 4940 est
971 4885 1027 4941 ar.
